2023 3453
171 187 186 216 1
198 174 262 217 60
566 171 856 234 Registrmn
878 169 1135 234 johannis
1171 168 1386 215 Pallam
1557 167 1675 231 [A.D.
1713 185 1727 214 1
1743 171 1834 229 283

166 329 390 382 provincia
432 328 652 377 fuerimus,
685 328 812 368 nobis
846 341 976 380 super
1010 327 1234 380 premissis
1272 341 1321 366 ac
1356 326 1451 366 aliis
1482 327 1563 367 sibi
1601 341 1659 367 ex
1697 326 1841 367 officio

166 403 317 438 nostro
354 396 614 449 objiciendis
650 396 910 449 responsuri,
949 395 1117 443 facturi,
1154 401 1198 435 et
1233 396 1464 447 recepturi,
1496 402 1575 435 etc.
1640 394 1843 448 Qualiter

166 473 313 507 autem
348 480 526 520 presens
551 466 811 506 mandatum
835 471 1035 505 nostrum
1068 465 1200 505 fueris
1223 471 1438 505 executus
1471 464 1597 504 nobis
1621 464 1749 505 dictis
1772 465 1844 505 die

166 543 210 577 et
243 536 352 585 loco,
384 535 571 575 fideliter
602 541 805 574 constare
837 534 971 574 facias
1004 548 1081 587 per
1113 540 1213 574 tuas
1247 540 1451 586 patentes
1483 534 1653 574 litteras
1686 534 1842 574 harum

166 605 322 645 seriem
354 605 642 644 continentes.
708 604 876 643 Datum
910 603 1026 656 apud
1063 602 1314 643 Mortelake
1336 602 1407 642 viii
1444 602 1498 642 id.
1529 602 1694 655 Aprilis
1727 616 1844 642 anno

167 672 459 713 ordinationis
482 678 630 712 nostre
654 674 705 712 νο.

167 786 454 830 [Sequestration
470 785 516 828 of
524 785 669 818 several
683 784 854 818 clamvlzes
870 785 909 817 in
928 784 1110 828 [σπάθη]

287 860 413 899 ΙΤΕΜ
456 869 521 899 DE
566 859 941 908 EODEM—Item,
984 858 1065 898 sub
1107 858 1248 898 forma
1289 865 1332 898 et
1374 858 1479 898 data
1522 858 1843 911 suprascriptis,

168 928 392 968 emanavit
424 927 570 968 littera
595 927 765 967 decano
798 927 853 967 de
876 927 1082 967 Arcubus
1113 926 1445 967 Londoniarum
1479 926 1536 966 ad
1568 935 1846 980 sequestran-

169 997 275 1037 dum
314 996 478 1037 fructus
519 996 802 1037 ecclesiarum
833 996 985 1038 Sancti
1019 995 1218 1045 vedasti,
1253 995 1467 1036 Omnium
1503 997 1768 1038 Sanctorum
1803 998 1845 1037 in

171 1065 434 1115 Bredstrete,
490 1066 970 1116 Paternostercherche‚
1027 1065 1178 1106 Sancti
1244 1065 1464 1105 Leonardi
1523 1066 1564 1105 in
1624 1067 1847 1120 Estchipe,

171 1135 323 1176 Sancti
358 1134 559 1184 Dionisii,
591 1141 635 1175 et
668 1134 820 1176 Sancti
857 1134 1086 1175 Michaelis
1121 1134 1163 1174 in
1198 1133 1622 1187 Candelwykstrete.

169 1248 454 1291 [Sequestration
470 1247 517 1290 of
525 1247 757 1291 Newz'ngton
773 1247 854 1281 and
866 1247 1035 1291 Halton]

291 1321 418 1361 ITEM
454 1330 518 1361 DE
554 1321 931 1370 EODEM—Item,
966 1321 1048 1361 sub
1089 1321 1230 1361 forma
1266 1327 1309 1361 et
1343 1321 1460 1368 data,
1494 1326 1588 1369 etc„
1626 1323 1849 1363 emanavit

172 1391 317 1431 littera
348 1389 517 1430 decano
549 1390 605 1430 de
630 1390 845 1443 Risberge
877 1390 931 1430 ad
966 1389 1333 1443 sequestrandum
1368 1389 1533 1430 fructus
1565 1391 1847 1431 ecclesiarum

173 1459 228 1500 de
252 1459 432 1499 Neuton
454 1465 498 1499 et
520 1458 575 1499 de
608 1459 873 1512 Halgztone.

174 1572 465 1616 [Seqnestmtion
482 1573 528 1616 os
537 1572 673 1616 Hayes,
690 1572 894 1609 Bm‘slowe,
912 1573 993 1606 and
1012 1572 1267 1615 Wz‘mbledon.]

295 1647 421 1687 ITEM
446 1657 510 1687 DE
535 1648 912 1697 EODEM—Item,
936 1648 1017 1688 sub
1040 1648 1181 1688 forma
1203 1654 1246 1688 et
1269 1647 1374 1688 data
1397 1653 1445 1687 ut
1471 1661 1603 1700 supra
1629 1649 1853 1689 emanavit

174 1717 319 1757 littera
341 1716 511 1757 decano
531 1716 586 1757 de
608 1716 900 1769 Croyendene
925 1717 980 1757 ad
999 1716 1367 1769 sequestrandum
1386 1716 1552 1756 fructus
1569 1717 1851 1757 ecclesiarum

177 1785 232 1826 de
258 1786 379 1826 Hese
401 1785 457 1825 de
482 1786 708 1826 Borstowe
730 1792 773 1826 et
796 1786 851 1826 de
876 1785 1215 1838 Wymbeldone.

175 1899 274 1940 [Lz'st
287 1899 334 1942 of
343 1899 515 1932 clzm'clzes
529 1899 801 1942 sequestrated]

223 1967 436 2007 NOMINA
461 1976 810 2008 ECCLESIARUM
834 1976 1303 2016 SEQUESTRATARUM
1329 1976 1553 2008 PROPTER
1576 1977 1805 2008 ORDINES.

181 2047 477 2087 Herietsham.
742 2048 894 2089 Sancti
915 2048 1031 2088 Petri
1050 2047 1105 2088 de
1125 2047 1266 2089 Sand—
1302 2047 1535 2088 Kerstane.

181 2116 471 2169 Stapelhurst.
855 2131 989 2170 wyco.
1300 2117 1594 2170 Cheveninge.
1631 2118 1830 2170 exempti

182 2185 536 2238 Kenardington.
742 2186 922 2239 Acryse.
1300 2186 1563 2239 Eynesford.
1604 2200 1613 2237 ,¹

183 2254 449 2295 Boclanude.
740 2254 955 2296 Omnium
984 2255 1249 2296 Sanctorum
1304 2255 1456 2296 Sancti
1471 2254 1797 2305 Vedasti‚Lon-

181 2323 324 2363 Vetus
348 2323 608 2364 Romenhal.
858 2324 1106 2365 Cantuarie.
1418 2323 1560 2364 donie.

184 2391 364 2433 Snaves.
744 2393 1056 2434 Eschedeford.
1303 2392 1517 2434 Omnium
1534 2393 1797 2434 Sanctorum

183 2461 239 2500 W
243 2461 460 2514 ycheling.
743 2462 993 2502 Hestwelle.
1417 2462 1459 2501 in
1480 2462 1743 2502 Bredstrete.

183 2530 425 2570 Tunstalle.
745 2532 913 2584 Magna
936 2530 1079 2572 Chert.
1304 2531 1782 2572 Paternostercherche.

186 2598 465 2640 Stokeburia.
748 2600 887 2640 Parva
910 2600 1054 2641 Chert.
1304 2600 1455 2641 Sancti
1496 2600 1717 2640 Leonardi
1756 2601 1798 2640 in

187 2667 226 2707 N
233 2667 422 2708 orthton.
748 2668 938 2708 Plukele.
1422 2668 1654 2721 Estchepe.

186 2737 381 2777 Preston.
746 2737 1009 2790 Eynerston.
1306 2737 1458 2778 Sancti
1483 2737 1698 2790 Dyonisii.

188 2805 481 2846 Baldesmere.
745 2805 1006 2859 Aldington.
1305 2806 1456 2848 Sancti
1491 2806 1722 2846 Michaelis
1757 2806 1799 2845 in

189 2874 340 2915 Sancti
382 2874 536 2927 Jacobi
592 2875 680 2914 Do·
744 2874 994 2928 Cherringe.
1409 2874 1828 2928 Candelwykstrete.

306 2943 431 2983 verie.
746 2944 802 2983 W
806 2943 1009 2984 estwelle.
1267 2979 1275 2986 .
1305 2943 1344 2983 N
1350 2953 1493 2983 euton.
1521 2943 1784 2996 Halgztone.

192 3011 547 3064 Hystlangedon.
746 3012 960 3065 Slyndon.
1077 2985 1276 3032 exemptl
1308 3013 1438 3052 Hese.

193 3080 379 3132 Rypple.
751 3080 947 3121 Isefelde.
1306 3082 1570 3121 Borstouwe.

195 3148 405 3189 Knolton.
751 3150 905 3190 Earde.
1044 3015 1061 3205 i
1307 3150 1644 3205 Wymbeldone.
