2023 3453
220 189 242 218 2
257 188 312 232 14
616 162 903 236 Regz'strum
926 173 977 237 J
976 171 1184 219 ohannis
1219 166 1444 221 Pecl'zam.
1605 169 1723 239 [AD.
1760 194 1775 223 1
1788 173 1847 224 28
1856 194 1881 238 3

332 331 547 370 Ricardus
570 330 624 370 de
649 331 887 370 Dauinton.
928 339 944 393 l
961 359 1173 399 Canonici
1195 359 1251 399 de
1276 360 1429 400 Lede&

330 399 527 439 Thomas
549 399 603 439 de
627 399 874 440 Cantuaria.
929 395 937 443 l

330 468 576 508 Willelmus
609 468 663 507 de
698 468 882 515 Norton,
915 467 969 506 ad
1003 467 1180 506 titulum
1219 468 1372 520 prioris
1421 468 1667 521 Hospitalis
1708 470 1881 522 Jeroso-

214 536 415 589 lymitani
441 538 482 576 in
504 536 669 589 Anglia
691 536 764 588 qui
789 543 986 576 remanet
1010 550 1142 589 penes
1165 536 1408 586 dominum,
1425 538 1707 578 examinatus
1731 553 1807 591 per
1831 540 1880 579 R.

212 605 267 645 de
292 606 422 658 Lacy.

213 693 452 735 [Ordz'lmtl'on
468 699 507 725 al
523 693 726 735 Newporl]

686 761 916 802 ORDINEs
949 771 1081 801 APUD
1117 762 1412 801 NYWEPORT.

327 830 461 869 Anno
487 829 655 869 eodem.
720 830 805 869 Die
829 829 1045 870 Sabbathi
1073 830 1113 869 in
1139 830 1287 879 vigilia
1316 830 1478 871 Sancte
1505 831 1748 880 Trinitatis,
1771 832 1880 872 cele-

210 899 350 937 bravit
392 897 598 937 dominus
633 897 808 938 ordines
843 899 885 937 in
923 898 1108 938 ecclesia
1144 899 1267 938 Beati
1313 899 1515 938 Nicholai
1558 899 1614 939 de
1658 900 1880 953 Newport,

208 967 520 1008 Coventrensis
562 966 761 1016 diocesis,
792 974 836 1007 et
871 967 1091 1007 ordinavit
1126 981 1261 1007 unum
1299 967 1632 1018 subdiaconum,
1665 968 1880 1019 videlicet,

208 1036 467 1089 magistrum
493 1035 642 1076 Adam
666 1036 705 1076 le
728 1036 848 1085 Gest,
872 1043 1085 1076 rectorem
1108 1036 1290 1076 ecclesie
1313 1036 1368 1077 de
1392 1036 1644 1089 Gydeshale
1666 1038 1786 1090 (sic),
1804 1053 1880 1091 per

207 1105 373 1145 litteras
408 1105 677 1144 dimissorias
712 1104 878 1145 domini
904 1105 1216 1146 Coventrensis
1250 1111 1293 1146 et
1318 1105 1638 1146 Lichfeldensis
1672 1108 1879 1161 episcopi,

207 1173 261 1214 ad
285 1173 485 1214 ordinem
510 1173 867 1214 subdiaconatus.

325 1244 436 1283 Item
461 1257 596 1283 unum
620 1242 796 1284 fratrem
821 1243 876 1283 de
898 1243 1052 1284 ordine
1070 1244 1289 1284 minorum
1309 1244 1364 1284 ad
1388 1244 1586 1285 ordinem
1606 1244 1876 1286 diaconatus.

325 1313 435 1353 Item
471 1313 730 1365 magistrum
756 1312 1006 1352 Arnaldum
1038 1313 1168 1366 Lupy
1196 1312 1251 1353 de
1279 1313 1422 1366 Tylio‚
1449 1320 1661 1354 rectorem
1695 1315 1877 1356 ecclesie

205 1381 259 1422 de
294 1382 421 1431 Krec,
446 1382 755 1434 Norwycensis
787 1382 986 1432 diocesis,
1015 1382 1070 1422 ad
1102 1389 1304 1435 rogatum
1343 1383 1538 1436 episcopi
1570 1384 1877 1434 Norwicensis,

204 1451 258 1491 de
281 1465 497 1491 consensu
530 1457 573 1490 et
596 1451 822 1491 voluntate
845 1451 1044 1504 ejusdem
1068 1452 1275 1505 episcopi,
1298 1452 1353 1492 ad
1383 1452 1583 1493 ordinem
1616 1454 1848 1494 sacerdotii
1868 1468 1876 1504 ;

203 1526 246 1560 et
269 1520 379 1560 duos
402 1520 555 1559 fratres
578 1519 633 1560 de
656 1519 808 1560 ordine
831 1521 1051 1560 minorum
1076 1521 1131 1560 ad
1154 1521 1343 1561 eundem
1368 1521 1581 1561 ordinem.

204 1614 433 1657 [Absolulz'on
450 1615 496 1657 of
505 1614 564 1647 tlte
579 1618 762 1648 executors
778 1616 817 1657 ο]
840 1615 891 1647 W.
910 1615 953 1648 de
969 1615 1165 1659 Radenmz]

204 1683 473 1724 COMPOTus
507 1691 852 1724 EXECUTORUM
886 1692 1072 1723 DOMINI
1106 1683 1174 1724 W.
1209 1678 1591 1725 DE'RAIAENORE
1622 1694 1873 1734 QUONDAM

733 1753 1089 1794 LANDAVENSIS
1123 1762 1352 1794 EPISCOPI.

319 1822 558 1871 Universis,
592 1828 670 1862 etc.
750 1822 973 1862 Noveritis
1015 1822 1147 1875 quod,
1181 1837 1280 1863 cum
1325 1837 1463 1876 nuper
1505 1824 1547 1863 in
1589 1824 1870 1865 Landavensi

201 1890 375 1931 diocese
398 1892 638 1940 visitanteS,
660 1890 844 1931 dilectos
877 1890 988 1931 filios
1013 1892 1247 1945 magistros
1273 1892 1545 1933 Willelmum
1574 1899 1618 1933 et
1642 1893 1870 1934 Simonem

201 1960 256 2000 de
290 1960 509 2010 Radenor,
541 1966 802 2000 executores
834 1961 1089 2000 testamenti
1122 1961 1237 2001 bone
1271 1962 1482 2002 memorie
1513 1961 1682 2001 domini
1716 1962 1783 2002 W.
1817 1961 1872 2002 de

202 2029 421 2079 Radenor,
456 2029 759 2070 Landavensis
791 2030 998 2082 episcopi,
1031 2044 1163 2083 super
1194 2037 1403 2083 compoto
1436 2045 1515 2070 suo
1553 2029 1780 2071 reddendo
1817 2030 1872 2072 de

199 2099 581 2139 administratione
603 2113 681 2139 sua
710 2100 872 2139 circum
900 2105 1216 2139 testamentum
1252 2100 1510 2152 predictum,
1534 2101 1788 2141 fecissemus
1815 2100 1870 2141 ad

198 2176 393 2209 nostram
418 2169 683 2222 presentiam
706 2169 890 2217 evocari,
913 2168 1107 2221 prefatus
1131 2169 1341 2221 magister
1363 2169 1625 2219 Willelmus‚
1648 2183 1727 2222 pro
1759 2184 1804 2209 se
1827 2176 1871 2210 et

198 2238 328 2278 fratre
362 2252 441 2277 suo
474 2244 768 2278 coexecutore
805 2237 1016 2290 predicto,
1051 2252 1311 2291 comparens
1346 2238 1566 2291 complete
1600 2238 1726 2278 nobis
1764 2238 1867 2279 inde

198 2306 436 2360 respondit,
459 2313 501 2346 et
525 2306 719 2359 plenarie
741 2306 978 2356 satisfecit,
1012 2314 1190 2360 propter
1211 2306 1330 2359 quod
1360 2307 1504 2360 ipsum
1532 2314 1576 2347 et
1605 2307 1773 2347 dictum
1797 2321 1868 2347 co-

197 2383 481 2416 executorem
500 2389 627 2415 suum
644 2389 668 2415 a
684 2375 931 2416 redditione
946 2377 1142 2429 compoti
1161 2376 1415 2428 hujusmodi
1431 2382 1583 2416 tenore
1599 2377 1867 2429 presentium

196 2444 406 2484 duximus
430 2444 732 2484 absolvendos.
800 2445 849 2484 In
865 2444 989 2496 cujus
1008 2445 1066 2484 rei
1090 2445 1406 2493 testimonium,
1421 2451 1500 2485 etc.
1564 2445 1732 2485 Datum
1750 2445 1867 2498 apud

198 2514 455 2566 Bergeveny
479 2512 521 2565 iij
557 2527 655 2553 non.
681 2513 887 2567 Augusti,
909 2526 1026 2553 anno
1051 2514 1232 2554 Domini
1264 2516 1392 2554 m⁰cc⁰
1414 2514 1687 2567 octogesimo
1709 2520 1868 2554 octavo

196 2582 290 2635 [sic]
313 2581 603 2622 ordinationis
627 2588 775 2622 nostre
798 2588 937 2622 sexto.

196 2671 434 2714 [Ordinalimc
452 2674 492 2704 at
505 2671 739 2714 Stixwould]

283 2733 512 2774 ORDINES
545 2742 678 2773 APUD
713 2733 1073 2774 STIKESWOLDE
1109 2733 1516 2774 LYNCOLNIENSIS
1550 2743 1780 2775 DIOCESIS.

197 2803 410 2842 NOMINA
462 2811 835 2843 ORDINATORUM
888 2811 1022 2842 APUD
1076 2802 1404 2843 STIKESWOLD
1455 2803 1865 2844 LYNCOLNIENSIS

310 2880 531 2912 mocsssrs
583 2881 667 2911 DIE
721 2871 975 2912 SABBATHI
1038 2880 1277 2920 QUATUOR
1339 2880 1620 2913 TEMPORUM
1684 2881 1864 2913 MENSIS

312 2940 626 2981 SEPTEMBRIS
658 2949 802 2980 ANNo
835 2949 937 2989 Quo
970 2948 1138 2981 SUPRA.

629 3019 707 3059 AD
740 3029 972 3060 ORDINEM
1006 3029 1430 3061 sussmAcoNATus.

310 3094 463 3133 Petrus
485 3093 540 3134 de
564 3094 828 3143 Sevenakes,
851 3093 905 3134 ad
934 3094 1109 3134 titulum
1146 3095 1398 3147 patrimonii
1427 3108 1503 3147 per
1532 3101 1858 3135 sacramentum

193 3176 319 3201 suum
346 3163 581 3215 proprium.
