2023 3453
134 204 177 237 A.
186 204 231 237 D.
264 208 277 238 1
293 209 315 238 2
324 186 408 255 86]
579 194 629 239 A
639 188 955 255 rcbz'epz'scopz‘
981 187 1370 241 ,Caa-ctaam'ensz's.
1706 205 1726 236 2
1738 204 1760 236 2
1770 201 1797 249 9

253 352 466 405 Magister
528 340 765 392 Robertus¹
807 351 862 391 de
914 350 1221 403 XVatlyngtom
1248 349 1265 411 Ν,

135 421 365 472 primarius
403 420 849 474 Suthrnallyngensis,
881 426 925 459 et
959 418 1116 464 eadem
1152 418 1222 458 die
1261 412 1265 467 ,’

136 489 214 529 fuit
256 490 492 539 institutus,
526 496 569 530 et
611 490 816 529 dominus
859 488 1081 527 investivit
1122 501 1221 530 eum
1262 472 1264 492 r

135 572 211 610 per
232 559 411 598 anulum
435 572 560 598 suum
586 559 627 597 in
653 558 858 610 primaria
882 556 1088 609 predicta.
1262 593 1264 609 Ι

251 628 435 681 Egidius
486 627 541 667 de
594 628 886 679 Ryngemeoe,
938 625 993 665 ad
1047 625 1223 665 titulum
1263 611 1265 649 Ῐ

135 697 388 749 patrimonii
410 697 475 736 sui
500 703 547 736 ut
569 696 686 735 alias.
1266 700 1267 703 ’
1288 694 1448 746 recepti
1474 708 1549 746 per
1570 694 1800 733 dominum

253 766 471 806 Henricus
508 767 563 805 de
601 764 923 812 Herietesham,
957 763 1012 802 ad
1048 763 1223 802 titulum
1264 786 1268 825 ,ι
1344 763 1733 815 archiepiscopum.

135 835 387 887 patrimonii
411 834 584 887 proprii.

251 904 471 944 Robertus
499 903 554 942 de
588 902 851 953 Hastingge,
875 906 1014 940 rector
1042 900 1225 940 ecclesie
1263 885 1265 950 ἱ

133 972 188 1012 de
223 973 360 1021 Pette,
392 971 694 1024 Cycestrensis
726 969 925 1017 diocesis,
958 982 1034 1020 per
1076 968 1225 1008 dimis-
1263 953 1265 1025 ξ

135 1042 258 1081 soria.
1263 1037 1265 1064 ²

249 1109 508 1157 VViHelmus,
531 1115 671 1148 rector
692 1106 872 1146 ecclesie
895 1104 950 1145 de
974 1105 1096 1145 Dale.
1247 1067 1266 1161 y

251 1180 503 1233 Stephanus
537 1180 592 1220 de
630 1178 794 1231 Staple‚
826 1176 880 1216 ad
915 1176 1092 1216 titulum
1130 1191 1226 1229 pro·
1256 1194 1265 1222 i

136 1248 289 1301 prium.

252 1316 403 1356 Frater
429 1315 647 1355 Henricus
670 1315 724 1354 de
753 1314 888 1354 domo
913 1315 996 1354 Dei
1022 1315 1226 1355 Dovorie.
1266 1361 1268 1377 ›

249 1382 474 1434 Johannes
497 1380 552 1421 de
575 1381 792 1422 Toketon.
1266 1394 1267 1400 ¹

250 1451 446 1490 Thomas
507 1449 562 1490 de
625 1450 879 1504 Davynton,
930 1452 985 1493 ad
1048 1453 1224 1493 titulum
1266 1427 1528 1509 ipresentati
1562 1471 1639 1510 per
1668 1457 1805 1497 archi-

135 1520 391 1560 monialium
415 1519 470 1559 de
495 1519 747 1572 Davynton.
1267 1508 1269 1521 ⁴
1347 1525 1582 1565 diaconum
1639 1526 1804 1567 Cantu-

248 1589 474 1642 JOhanl‘lCS
497 1588 552 1628 de
575 1588 825 1629 Chertham.
1347 1594 1573 1635 ariensesst

250 1658 498 1699 Willelmus
560 1657 615 1697 de
667 1658 889 1712 Sellynge,
931 1659 984 1700 ad
1048 1660 1223 1699 titulum

134 1727 293 1768 domus
309 1726 460 1769 Sancti
477 1727 688 1779 Sepulcri,
704 1727 950 1777 Cantuarie,
966 1727 1020 1768 ad
1036 1729 1226 1769 eundem

135 1797 324 1845 titulum,
346 1797 453 1836 alias
475 1795 714 1836 ordinatus.

251 1865 448 1905 Thomas
470 1864 525 1905 de
550 1865 868 1917 Pymnesdene.
1253 1835 1265 1920 )

223 1955 268 1997 [F
271 1967 304 1987 ο.
333 1955 442 1998 120b.]

253 2033 607 2087 [Condemnation
631 2034 684 2085 of
696 2033 884 2073 heresias.
946 2033 1108 2086 Regz'st.
1132 2034 1268 2086 Epist.
1283 2036 1328 2089 s.
1352 2036 1580 2086 Pecklmm,
1604 2037 1666 2086 iii,
1689 2037 1804 2091 921]

222 2156 299 2197 [Fo.
329 2158 414 2196 121.]

137 2233 375 2277 [ordination
390 2209 431 2265 ait
444 2233 477 2265 A
484 2232 679 2275 ldingtom]

138 2306 369 2347 ORDINES
411 2315 688 2347 CELEBRATI
732 2315 783 2345 IN
831 2314 1064 2346 ECCLESIA
1104 2315 1440 2347 PARROCHIALI
1478 2317 1543 2347 DE
1583 2308 1804 2348 ALDING-

253 2385 387 2415 TONE
422 2385 506 2415 DIE
534 2376 788 2417 SABBATHI
822 2384 1063 2424 QUATUOR
1095 2384 1374 2421 TEMPORUM
1403 2386 1505 2425 QUA
1532 2386 1804 2418 CANTATUR

253 2453 555 2491 SCITIENTES‚
586 2453 730 2484 ANNO
765 2444 961 2483 DOMINI
996 2446 1127 2484 M⁰CC0
1160 2443 1487 2485 OCTOGESIMO
1520 2455 1677 2486 SEXTO
1713 2456 1803 2486 PER

255 2513 510 2553 DOMINUM
545 2513 984 2554 CANTUARIENSEM
1022 2521 1083 2551 ET
1115 2521 1397 2552 ORDINAVIT
1429 2523 1762 2556 SUBSCRII'TOS.

874 2603 1096 2644 ACOLITI.

253 2683 478 2735 Johannes
500 2683 555 2724 de
580 2685 718 2724 Parva
741 2684 885 2725 Chert.

256 2751 504 2792 Willelmus
526 2753 581 2793 de
606 2753 866 2806 Dagepette.

258 2821 457 2873 Rogerus
479 2821 534 2861 de
560 2822 821 2862 Meresham.

255 2889 480 2941 Johannes
502 2890 557 2930 de
581 2891 859 2944 Kyngeston.

255 2958 479 3010 Johannes
501 2959 556 2999 de
580 2959 789 3012 Lymene.

258 3026 478 3067 Robertus
501 3027 556 3068 de
578 3027 619 3067 la
643 3028 778 3068 More.

260 3092 403 3132 Lucas
425 3092 480 3132 de
504 3093 852 3134 Patrikesburne.

261 3160 479 3200 Henricus
501 3161 556 3201 de
581 3161 797 3202 Milstede.
891 3179 907 3214 J

925 2924 1087 2977 recepti
1111 2937 1187 2975 per
1208 2922 1450 2964 dominum.
