2023 3453
150 205 246 236 ΑΛ).
285 208 298 236 1
314 207 336 236 2
346 195 371 236 S
380 190 429 253 3]
580 189 632 236 Α
641 188 954 252 rclzc'epz'scopz'
989 188 1375 237 Cantmm'ensis.
1727 195 1810 250 167

147 349 262 390 idem
286 351 519 403 episcopus
552 350 691 390 multa
722 351 783 390 eis
807 351 955 390 illicite
986 350 1244 402 gravamina
1277 349 1493 397 intulerat,
1515 356 1558 389 et
1582 349 1725 390 inferri
1758 350 1814 390 ab

146 419 241 458 aliis
279 427 586 472 procuraverat
620 421 724 473 ipsis
759 421 1055 468 nihilominus,
1093 433 1180 460 non
1219 420 1424 459 obstante
1462 419 1721 459 inhibitione
1758 420 1813 459 ab

147 488 241 540 ipso
263 488 445 528 domino
468 489 799 542 archiepiscopo
822 490 864 528 in
888 503 1020 528 causa
1042 489 1350 541 appellationis
1374 488 1580 540 predicte,
1603 488 1709 527 alias
1733 488 1812 527 sibi

147 556 274 605 facta,
296 571 345 596 ac
368 558 500 597 etiam
525 558 711 610 petitum
736 557 887 598 fuisset
910 572 1039 610 super
1062 558 1143 597 hoc
1166 557 1331 597 eisdem
1357 557 1485 609 priori
1513 564 1556 596 et
1578 559 1813 597 conventui

148 625 308 665 salubri
370 626 564 666 remedio
628 626 843 679 provideri
873 641 879 672 ;
942 626 1136 679 prefatus
1191 625 1397 665 dominus
1461 626 1815 679 archiepiscopus

145 695 356 734 canonica
379 695 621 735 monitione
644 695 856 747 premissa
879 695 1067 734 inhibuit
1091 695 1300 747 magistro
1326 695 1523 734 Roberto
1545 694 1601 734 de
1625 695 1814 741 Bromle,

145 763 375 811 defensori,
397 777 471 803 seu
507 763 775 815 procuratori
811 763 945 815 ipsius
977 763 1183 815 episcopi,
1206 777 1256 802 ac
1290 763 1423 803 etiam
1459 763 1679 815 magistris
1718 764 1814 803 Elie

145 832 200 872 de
243 832 435 885 Napton,
469 831 778 871 archidiacono
817 831 1031 883 Derbeye,
1074 838 1118 871 et
1154 831 1254 871 Ade
1295 832 1350 871 de
1393 831 1598 880 wauton,
1640 831 1813 872 officiali

145 900 339 953 episcopi
363 900 526 940 ibidem
550 900 838 952 presentibus,
860 906 903 939 et
936 900 976 938 in
1003 913 1189 952 persona
1211 914 1361 939 eorum
1387 901 1465 952 ipsi
1490 901 1709 954 episcopo,
1733 902 1814 941 sub

144 982 258 1021 pena
297 968 783 1016 excommunicationis,
821 981 953 1020 quam
999 975 1164 1008 extunc
1208 968 1388 1020 protulit
1432 969 1474 1008 in
1517 983 1670 1009 omnes
1713 984 1814 1010 con-

141 1038 321 1077 trarium
346 1037 566 1085 facientes,
590 1050 644 1076 ne
666 1035 887 1088 pendente
908 1050 1055 1075 coram
1079 1050 1130 1076 eo
1153 1037 1269 1076 dicte
1293 1037 1600 1089 appellationis
1634 1039 1811 1091 negotio

143 1107 233 1146 sive
275 1119 406 1145 causa
448 1104 654 1157 predictis
698 1105 827 1157 priori
871 1112 914 1144 et
967 1105 1214 1153 conventui,
1257 1112 1333 1145 aut
1375 1105 1455 1145 sibi
1501 1105 1814 1147 adherentibus

142 1174 425 1228 spiritualiter
456 1174 522 1214 vel
555 1174 856 1226 temporaliter
890 1174 1241 1214 extraordinarie
1274 1175 1509 1226 quicquam
1547 1177 1814 1227 gravaminis

144 1250 219 1283 aut
243 1243 398 1295 injurie
421 1242 538 1282 idem
561 1243 794 1295 episcopus
827 1242 1004 1282 inferret
1027 1257 1101 1283 seu
1126 1243 1182 1282 ab
1209 1243 1303 1282 aliis
1337 1257 1412 1295 per
1442 1258 1487 1283 se
1510 1244 1575 1283 vel
1610 1258 1685 1296 per
1708 1245 1815 1284 alios

141 1312 457 1366 quoquomodo
499 1318 751 1365 procuraret
793 1312 951 1360 inferri,
992 1312 1230 1364 quominus
1273 1326 1451 1352 causam
1505 1326 1629 1352 suam
1681 1313 1813 1354 libere

143 1382 337 1422 valerent
355 1381 559 1434 prosequi
578 1394 724 1420 coram
749 1381 852 1433 ipso.
920 1379 1083 1420 Actum
1108 1381 1150 1420 in
1174 1381 1369 1433 capitulo
1393 1383 1645 1421 monasterii
1663 1382 1813 1423 Sancti

148 1450 386 1504 Augustini
431 1450 649 1490 Bristollie
684 1450 791 1489 xviii
834 1450 904 1489 die
942 1450 1102 1493 Martii,
1136 1464 1252 1489 anno
1294 1464 1319 1489 a
1360 1451 1591 1491 nativitate
1635 1452 1815 1492 Domini

146 1520 469 1567 m⁰cc0lxxxiii0‚
502 1519 742 1559 indictione
777 1519 837 1571 xj,
869 1519 1144 1572 presentibus
1172 1520 1393 1572 magistris
1427 1520 1480 1560 A.
1504 1519 1559 1560 de
1591 1521 1740 1569 Hales,
1766 1522 1815 1561 R.

144 1589 199 1629 de
243 1589 375 1641 Lacy,
418 1588 484 1628 W.
528 1587 583 1628 de
635 1587 850 1637 Sardinia,
890 1587 996 1640 juris
1046 1588 1183 1627 civilis
1232 1588 1486 1641 professore,
1530 1590 1720 1630 Ricardo
1761 1591 1816 1631 de

147 1658 434 1706 Gloucestrie,
469 1657 681 1710 magistro
714 1656 904 1709 Gydone
945 1657 1000 1697 de
1038 1657 1303 1706 Gillebroke,
1349 1658 1570 1698 willelmo
1610 1659 1729 1700 Selet
1762 1660 1817 1700 de

145 1727 391 1775 Coventria,
413 1733 456 1766 et
480 1726 676 1779 pluribus
699 1726 793 1766 aliis
816 1725 982 1765 clericis
1005 1736 1048 1765 et
1071 1726 1191 1766 laicis
1214 1726 1318 1766 inibi
1352 1728 1640 1780 congregatis.

263 1843 425 1896 [Entzy
445 1842 608 1881 deleted
626 1842 670 1881 2'12
695 1841 912 1894 orzgz'mzl]

146 1956 286 1999 [Gr-ant
299 1955 412 1998 oftlze
433 1955 635 1998 tlzc'rdparl
648 1955 694 1996 of
710 1954 769 1987 tlze
792 1965 874 1987 mela
898 1955 943 1997 os
959 1954 1119 1997 Hawlev
1135 1958 1170 1987 lo
1193 1954 1251 1987 tlte
1275 1955 1391 1988 Prior
1404 1955 1484 1988 aad
1500 1957 1678 1990 Bletllren
1702 1958 1748 1999 of
1764 1960 1815 1991 δί.

226 2010 329 2052 Jolm
347 2009 631 2052 ofserusalem]

263 2072 364 2112 PRo
388 2080 673 2112 HomNissus
708 2080 768 2110 ET
792 2080 1114 2112 TENENTIBUS
1138 2081 1200 2110 DE
1235 2072 1816 2115 HALEWELEo.—-Univer-

146 2142 215 2190 sis,
236 2148 328 2190 etc.,
353 2141 505 2181 Frater
525 2140 763 2193 Johannes,
787 2140 1074 2192 permissione
1101 2140 1250 2180 divina
1277 2140 1605 2182 Cantuariensis
1632 2145 1813 2185 ecclesie

147 2210 346 2250 minister
377 2209 566 2257 humilis,
589 2209 724 2249 totius
752 2208 913 2261 Anglie
948 2209 1123 2261 primas,
1146 2209 1333 2249 salutem
1359 2210 1401 2249 in
1429 2210 1623 2251 Auctore
1649 2212 1812 2253 salutis.

148 2279 259 2320 Cum
303 2279 416 2318 inter
457 2278 571 2318 viros
607 2277 845 2330 religiosos,
887 2278 1076 2330 priorem
1110 2285 1154 2317 et
1191 2277 1345 2318 fratres
1381 2279 1627 2332 Hospitalis
1663 2281 1814 2322 Sancti

146 2347 362 2400 Johannis
383 2346 626 2399 Jerusalem
651 2347 694 2385 in
720 2345 896 2399 Anglia,
917 2360 975 2386 ex
1000 2353 1123 2399 parte
1146 2360 1244 2395 una,
1266 2354 1310 2387 et
1331 2361 1422 2396 nos,
1440 2362 1497 2388 ex
1521 2349 1668 2397 altera,
1686 2364 1816 2402 super

147 2430 199 2456 eo
221 2415 340 2469 quod
364 2415 496 2456 iidem
530 2416 647 2468 prior
668 2422 712 2455 et
734 2415 888 2455 fratres
921 2415 1177 2455 asserebant
1200 2429 1246 2455 se
1278 2416 1448 2456 seisitos
1482 2417 1536 2456 ad
1560 2417 1812 2457 habendum

147 2492 190 2526 et
226 2485 466 2525 tenendum
491 2485 632 2524 visum
668 2484 802 2524 franci
839 2484 969 2537 plegii
1007 2485 1062 2524 de
1100 2484 1351 2525 hominibus
1392 2492 1436 2525 et
1477 2486 1728 2526 tenentibus
1760 2487 1814 2527 de

152 2554 418 2607 Haleweleg,
441 2554 558 2594 unde
586 2554 761 2593 tertiam
786 2560 955 2606 partem
979 2553 1173 2593 clamant
1206 2553 1365 2593 'nabere
1398 2555 1440 2594 in
1473 2554 1613 2603 feodo,
1636 2555 1814 2595 suborta

148 2622 300 2662 fuisset
319 2622 501 2661 materia
523 2622 764 2674 questionis
786 2629 829 2662 et
852 2622 1087 2670 dissensus,
1103 2636 1193 2670 nos,
1209 2622 1451 2671 affectione,
1466 2637 1597 2675 quam
1617 2624 1671 2664 ad
1697 2625 1813 2677 ipsos

150 2691 303 2731 fratres
350 2697 393 2731 et
434 2705 585 2731 eorum
638 2691 838 2731 ordinem
881 2691 1073 2743 gerimus
1115 2691 1249 2739 ducti,
1293 2692 1486 2744 ipsorum
1530 2691 1810 2733 devotionem

150 2759 563 2800 recommendantes
590 2760 633 2799 in
670 2760 877 2808 Domino,
907 2774 984 2812 pro
1018 2759 1136 2799 bono
1165 2760 1285 2813 pacis
1320 2774 1396 2812 pro
1431 2767 1581 2800 nostro
1614 2768 1812 2814 tempore

149 2827 432 2868 concedimus
459 2828 577 2880 quod
602 2828 784 2881 predicti
814 2829 930 2881 prior
951 2835 994 2868 et
1016 2828 1169 2868 fratres
1198 2829 1372 2868 tertiam
1403 2835 1570 2881 partem
1594 2829 1811 2869 dictorum

150 2897 378 2936 hominum
401 2911 476 2936 seu
500 2898 744 2937 tenentium
768 2897 823 2937 de
850 2897 1104 2949 Haleweleg
1126 2897 1319 2949 quietam
1344 2897 1534 2936 habeant
1557 2904 1600 2937 et
1621 2898 1810 2938 solutam

150 2964 206 3004 ab
246 2964 504 3004 omnimoda
545 2965 822 3017 impetitione
863 2966 1011 3013 nostri,
1048 2965 1114 3004 vel
1157 2965 1340 3016 alicujus
1382 2979 1439 3004 ex
1487 2971 1609 3017 parte
1653 2974 1813 3015 nostra,

150 3047 280 3086 super
301 3033 394 3072 visu
413 3040 667 3073 memorato.
734 3034 782 3072 In
802 3047 986 3086 quorum
1011 3033 1313 3073 testimonium
1330 3033 1603 3085 presentibus
1621 3034 1811 3087 sigillum

152 3108 350 3141 nostrum
374 3101 565 3143 ‚fecimus
597 3103 770 3155 apponi.
835 3103 1002 3142 Datum
1026 3102 1142 3154 apud
1178 3101 1392 3154 Slyndon,
1424 3115 1523 3141 non.
1546 3103 1663 3154 Junii
1696 3117 1812 3143 anno

156 3170 337 3209 Domini
362 3171 686 3219 m⁰cc⁰lxxxiii⁰,
709 3170 999 3210 ordinationis
1023 3177 1169 3209 nostre
1192 3170 1357 3221 quinto.
