2023 3453
193 197 278 240 192
607 181 893 243 Registrum
919 179 1173 243 johannis
1207 180 1420 226 Pallam
1571 178 1686 242 [AD.
1725 183 1842 226 1282

301 339 498 380 Thomas
552 340 607 380 de
665 338 881 386 Cheilton‚
937 351 1036 377 cum
1097 337 1251 377 litteris

186 409 352 449 domini
385 408 711 461 arehiepiscopi·
1274 353 1370 497 {de
1389 419 1693 471 jurisdictione
1709 419 1846 460 archi-

302 478 437 519 Samo
470 477 578 528 (sic)
619 476 673 516 de
720 476 925 524 Dovoria,
968 475 1023 515 ad
1068 475 1245 515 titulum
1401 489 1574 528 diaconi
1617 489 1846 529 Cantuari-

187 547 338 588 Sancti
375 546 552 586 Martini
588 545 790 585 Dovorie.
1288 501 1302 640 [

304 615 543 655 Nicholaus
566 615 620 654 de
644 613 896 654 Chertham.

1400 558 1526 597 ensis.

907 710 1130 751 ACOLITI.

298 790 524 844 Johannes
546 789 601 829 de
626 789 923 830 Pivelesdone.

299 860 524 913 Johannes
547 858 601 898 de
625 852 920 911 Wyngeham.

298 928 524 981 Johannes
547 927 602 968 de
629 928 786 968 Itham.

298 997 635 1038 Bartholomeus
658 996 713 1037 de
740 996 1143 1050 Ridelyngewalde.

298 1066 495 1106 Thomas
518 1066 573 1106 de
597 1066 741 1107 Chert.

301 1135 437 1188 Hugo
461 1135 516 1176 de
540 1135 689 1188 Clyva.

297 1204 524 1258 Johannes
546 1204 601 1245 de
626 1204 954 1245 Niwechurche.

297 1273 546 1314 Willelmus
569 1273 625 1314 de
649 1273 875 1314 Pileholte.

299 1341 547 1382 Willelmus
608 1342 663 1383 de
731 1342 1050 1396 Pollingefoud,
1112 1349 1252 1383 rector

181 1412 364 1453 ecclesie
379 1412 433 1453 de
451 1413 735 1465 Ruzesparre,
746 1412 1048 1465 Cycestrensis
1064 1412 1250 1452 diocesis

183 1495 259 1535 per
280 1482 562 1522 dimissorias.

296 1551 522 1604 Johannes
545 1549 600 1590 de
626 1550 772 1602 Illege.

300 1620 521 1660 Robertus
543 1619 599 1660 (16
622 1619 917 1672 W'yngeham.

829 1722 955 1762 ITEM
990 1724 1212 1763 ACOLITI.

301 1802 499 1843 Thomas
523 1802 587 1843 Cu
611 1801 667 1842 de
691 1801 939 1843 Cantuaria.

298 1873 451 1912 Petrus
475 1871 529 1912 de
554 1871 939 1912 BureweremareS.

298 1941 518 1981 Robertus
541 1940 596 1980 de
621 1940 889 1982 Stodmerse.

298 2010 521 2050 Robertus
546 2009 601 2050 de
625 2010 922 2050 Northburne.
1604 2059 1611 2066 ·
1702 2059 1710 2066 ·

299 2079 540 2119 Nicholaus
563 2078 618 2119 de
642 2078 902 2120 Scholdene.
1278 2018 1304 2225 J
1403 2058 1746 2100 cantuaslenffls·

1314 1921 1369 1961 de
1395 1920 1700 1973 jurisdictione
1723 1920 1848 1961 dom-

1401 1990 1460 2029 ini
1548 1989 1845 2030 archidiaconi

1274 804 1370 1676 }de
1392 1222 1555 1263 diocesi
1578 1223 1758 1264 domini.

297 2148 526 2201 Johannes
550 2148 606 2188 de
630 2148 833 2188 Doveria.

180 2285 430 2328 [suspeximus
452 2285 497 2326 of
512 2295 534 2318 cz
557 2288 677 2328 grant
697 2285 739 2328 by
762 2284 820 2318 the
844 2284 949 2318 Dean
974 2285 1054 2318 and
1076 2284 1237 2329 Chapter
1256 2286 1302 2329 of
1318 2285 1507 2329 Hereford
1526 2288 1560 2318 to
1583 2285 1642 2318 tlte
1656 2284 1798 2327 Bislzop
1813 2284 1860 2325 of

268 2338 478 2383 Herdoni]

302 2408 566 2449 INSPECTIO
584 2417 771 2448 DOMINI
790 2417 854 2447 DE
871 2407 1299 2449 CONFIRMATIONE
1317 2408 1515 2449 DECANI
1536 2417 1596 2447 ET
1612 2407 1851 2448 CAPITULI

184 2486 416 2518 ECCLESIE
463 2477 887 2518 HEREFORDENSIS
924 2486 1176 2519 CONCESSA
1213 2487 1414 2518 DOMINO
1454 2477 1658 2530 P[ETRO]
1692 2486 1852 2526 QUON-

183 2556 290 2586 DAM
327 2546 724 2587 HEREFORDENSI
760 2546 1304 2588 Episcopo—Universis
1335 2547 1497 2588 Christi
1525 2545 1726 2586 fidelibus
1757 2560 1851 2599 pre-

183 2622 330 2655 sentes
364 2615 531 2655 litteras
573 2615 727 2655 visuris
765 2615 832 2655 vel
876 2616 1101 2665 audituris,
1135 2616 1267 2657 frater
1309 2616 1534 2669 Johannes
1571 2615 1852 2656 miseratione

183 2683 332 2724 divina
359 2683 687 2724 Cantuariensis
717 2684 1085 2737 archiepiscopus,
1111 2685 1246 2725 totius
1270 2684 1434 2737 Anglie
1461 2684 1636 2737 primas,
1665 2684 1852 2725 salutem

183 2753 226 2792 in
251 2752 447 2793 Auctore
476 2752 638 2792 salutis.
704 2752 887 2792 Noverit
920 2753 1180 2793 universitas
1213 2763 1356 2794 vestra
1388 2767 1468 2793 nos
1501 2753 1668 2793 litteras
1696 2752 1852 2793 decani

183 2829 227 2863 et
261 2822 441 2875 capituli
475 2822 657 2862 ecclesie
702 2822 1052 2872 Herefordensis,
1088 2836 1175 2862 non
1210 2822 1487 2871 cancellatas,
1522 2835 1610 2862 non
1653 2821 1853 2869 abolitas,

185 2905 264 2931 nec
307 2891 349 2931 in
391 2890 537 2943 aliqua
573 2891 639 2930 sui
681 2897 804 2943 parte
846 2891 1039 2940 viciatas,
1075 2905 1178 2932 vero
1220 2892 1414 2945 ipsorum
1457 2891 1601 2943 sigillo
1643 2890 1852 2943 signatas,

185 2960 431 3013 inspexisse
465 2960 506 2999 in
545 2959 624 3000 hec
658 2960 815 3000 verba:
855 2960 1082 3001 Universis
1116 2966 1341 3013 presentes
1378 2960 1545 3000 litteras
1582 2959 1854 3012 inspecturis,

184 3029 378 3069 decanus
409 3035 452 3069 et
484 3028 726 3081 capitulum
763 3028 1102 3069 Herefordensis
1134 3029 1316 3069 ecclesie
1351 3029 1537 3069 salutem
1576 3030 1618 3068 in
1655 3028 1852 3068 Domino

184 3097 319 3150 Jhesu
351 3097 536 3139 Christo.
600 3098 673 3138 Ad
702 3098 973 3150 singulorum
1002 3098 1211 3139 noticiam
1241 3098 1441 3138 volumus
1468 3097 1704 3151 pervenire,
1734 3095 1852 3149 quod

186 3166 445 3209 venerabilis
461 3174 584 3222 pater
598 3166 805 3208 dominus
822 3168 987 3218 Petam,
998 3167 1081 3207 Dei
1096 3168 1237 3222 gratia
1256 3167 1594 3209 Herefordensis
1608 3166 1853 3221 episcopm,
