2023 3453
152 218 248 249 Ab.
286 220 299 248 1
315 206 372 249 28
387 202 430 266 1]
606 202 657 249 Α
667 203 984 266 rclziepz'scopz'
1008 203 1050 250 C
1049 202 1396 250 antnam'ensz's.
1732 219 1746 249 Ι
1762 218 1785 264 5
1795 220 1819 264 3

151 376 228 401 vos
265 362 490 412 habentes,
524 363 704 403 liberam
748 363 1175 403 administrationem
1220 362 1436 403 bonorum
1472 368 1516 402 et
1558 363 1821 415 pensionum

150 445 327 471 suarum
350 432 529 472 eosdem
562 433 724 473 habere
756 433 1034 486 permittatis,
1056 432 1196 473 donec
1219 431 1337 472 aliud
1370 445 1501 484 super
1532 431 1615 471 hiis
1638 445 1663 471 a
1695 431 1822 472 nobis

150 501 398 553 receperitis
421 502 463 540 in
488 501 718 542 mandatis.
1362 507 1364 513 “

150 625 314 666 [Release
328 625 375 668 os
391 625 579 658 W'rotlzam
595 625 674 658 and
686 626 897 669 lqwfflga]

266 711 366 751 PRO
407 711 669 751 MAGISTRO
704 712 870 751 PETRO
905 711 1448 751 ALBI.—Memorandum
1483 710 1601 763 quod
1635 710 1690 750 ν10
1722 710 1822 750 idus

151 779 386 828 Februarii,
418 779 535 832 apud
574 779 831 828 Mortelake,
864 779 1069 819 dominus
1102 780 1318 820 relaxavit
1351 794 1427 833 per
1459 780 1650 820 litteram
1684 794 1821 829 suam,

147 854 372 900 sequestra
396 848 510 888 facta
532 849 792 888 auctoritate
815 862 893 888 sua
916 849 959 888 in
982 849 1193 888 fructibus
1212 849 1494 889 ecclesiarum
1514 849 1569 889 de
1584 849 1818 889 Wrotham

145 924 189 957 et
211 917 266 957 de
291 917 511 970 Lyminge
533 931 642 969 quas
664 923 785 957 tenet
809 918 1018 970 magister
1042 918 1194 958 Petrus
1221 918 1336 958 Albi.

144 1041 307 1082 [Release
321 1041 367 1083 qf
376 1041 595 1083 Heaclzam]

262 1126 362 1165 PRo
401 1134 661 1166 MONAcHIs
706 1126 1223 1166 LEWENslssus.—-Item
1264 1126 1420 1166 eodem
1456 1126 1528 1166 die
1564 1133 1608 1166 et
1644 1126 1822 1175 ibidem,

144 1194 387 1234 commissit
409 1194 616 1234 dominus
647 1195 967 1235 relaxationem
993 1196 1207 1247 sequestri
1239 1195 1340 1235 facti
1372 1209 1448 1248 per
1469 1209 1570 1235 eum
1601 1196 1644 1235 in
1674 1195 1821 1236 fructi-

144 1264 224 1303 bus
248 1264 566 1303 monachorum
604 1264 881 1304 Lewensium
905 1264 1023 1317 apud
1060 1265 1277 1313 Hecham,
1303 1265 1600 1305 Norwicensis
1622 1264 1823 1313 diocesis,

144 1333 186 1372 in
210 1333 350 1373 forma
369 1332 477 1385 juris
502 1332 749 1372 faciendam
774 1334 940 1373 vocatis
963 1333 1035 1385 qui
1061 1333 1115 1373 ad
1140 1333 1222 1373 hoc
1246 1332 1407 1373 fuerint
1429 1333 1655 1373 evocandi.

143 1458 305 1501 [Release
321 1459 367 1501 os
376 1458 545 1491 Moreton
563 1458 820 1501 Hampstead]

260 1539 360 1578 PRO
397 1547 631 1578 ECCLESIA
665 1547 728 1577 DE
764 1538 988 1579 MORTUN
1024 1539 1337 1579 EXONOENsls
1370 1538 1821 1578 DIOCESIs.—Frater

141 1607 367 1659 Johannes
399 1607 686 1660 permissione
709 1606 859 1647 divina
888 1607 1219 1648 Cantuariensis
1242 1607 1426 1647 ecclesie
1455 1607 1654 1647 minister
1676 1607 1817 1646 humi-

143 1676 205 1724 lis,
228 1676 363 1716 totius
389 1675 553 1728 Anglie
576 1676 752 1728 primas,
774 1676 937 1716 dilecto
961 1675 1049 1715 filio
1076 1675 1251 1716 officiali
1275 1676 1572 1716 archidiaconi
1596 1676 1820 1724 Tottonie,

142 1745 341 1794 salutem,
364 1745 564 1798 gratiam,
586 1752 629 1784 et
662 1745 1027 1785 benedictionem.
1092 1744 1209 1798 Quia
1238 1752 1514 1797 sequestrum
1548 1745 1590 1784 in
1625 1744 1751 1784 bonis
1774 1751 1821 1785 et

142 1814 353 1854 fructibus
376 1814 559 1854 ecclesie
581 1814 636 1853 de
666 1814 846 1854 Mortun
879 1828 955 1867 per
978 1828 1057 1854 nos
1087 1815 1351 1855 auctoritate
1378 1821 1528 1854 nostra
1562 1813 1740 1862 factum,
1765 1813 1820 1853 de

141 1884 283 1937 gratia
336 1883 514 1935 speciali
563 1883 872 1932 relaxavimus,
912 1883 1037 1923 vobis
1081 1883 1345 1923 mandamus
1388 1883 1608 1935 quatinus,
1650 1882 1818 1922 dictum

144 1959 418 2004 sequestrum
451 1966 586 2005 penes
619 1966 697 1992 vos
726 1966 802 2004 pro
834 1952 1033 1992 relaxato
1066 1952 1292 2001 habentes,
1324 1952 1507 1992 liberam
1538 1951 1818 1991 administra-

142 2022 308 2061 tionem
359 2021 574 2060 bonorum
617 2021 798 2060 ecclesie
841 2020 1036 2074 predicte
1077 2021 1277 2073 ejusdem
1321 2021 1475 2061 rectori
1518 2020 1680 2060 habere
1723 2034 1817 2073 per-

144 2091 342 2139 mittatis,
379 2089 520 2130 donec
570 2089 688 2129 aliud
732 2104 757 2129 a
799 2090 925 2129 nobis
973 2090 1222 2142 receperitis
1264 2090 1307 2129 in
1351 2090 1583 2129 mandatis.
1648 2089 1816 2130 Datum

531 2160 587 2167 οι..

142 2229 484 2269 consecrationis
507 2235 655 2268 nostre
677 2235 844 2281 quarto.

143 2353 307 2395 [Release
322 2354 368 2396 os
377 2353 664 2396 Mz‘clzelmersla.]

259 2440 359 2478 PRO
384 2447 617 2479 ECCLESIA
641 2447 705 2477 DE
738 2439 1144 2479 MICHELMAREYS
1168 2437 1554 2477 WINTONIENSIS
1583 2444 1813 2477 DIOCESIS.

142 2506 544 2548 —Memorandum
568 2507 687 2559 quod
721 2506 782 2559 xij
819 2506 901 2546 kal.
927 2506 1106 2559 Aprilis,
1128 2506 1246 2559 apud
1281 2505 1573 2559 Crydingtun,
1596 2504 1814 2545 relaxavit

143 2576 349 2616 dominus
372 2589 449 2628 per
470 2575 661 2616 litteram
685 2589 809 2615 suam
833 2581 1108 2627 sequestrum
1133 2575 1297 2615 factum
1322 2575 1364 2614 in
1395 2574 1608 2614 fructibus
1630 2574 1812 2614 ecclesie

143 2643 198 2683 de
223 2643 543 2693 Michelmares,
565 2644 886 2684 Wintoniensis
908 2643 1107 2693 diocesis,
1130 2644 1203 2696 qui
1227 2643 1282 2683 ad
1310 2642 1540 2683 dominum
1565 2642 1810 2695 Symonem

144 2713 199 2753 de
224 2713 397 2766 Nigella
424 2713 622 2765 ejusdem
651 2713 834 2753 ecclesie
863 2719 1076 2752 rectorem
1107 2712 1162 2752 de
1188 2712 1283 2765 jure
1314 2713 1530 2765 pertinere
1564 2718 1813 2752 noscuntur.

146 2837 430 2879 [Sequestration
447 2838 492 2880 of
501 2837 539 2869 F
537 2838 761 2879 aversham]

262 2916 602 2965 SEQUESTRUM
620 2925 822 2957 VICARIE
847 2926 910 2956 DE
937 2915 1428 2957 FEVERSHAM.—Idus
1448 2915 1613 2967 Aprilis
1635 2929 1812 2955 emana-

146 2985 207 3024 vit
230 2985 374 3025 littera
396 2986 697 3025 commissario
720 2986 1026 3026 Cantuariensi
1056 2985 1110 3025 ad
1140 2984 1506 3037 sequestrandum
1529 2984 1734 3024 vicariam
1758 2983 1814 3024 de

153 3053 460 3102 Faveresham‚
483 3061 526 3094 et
548 3054 775 3094 citandum
800 3055 1058 3107 magistrum
1088 3053 1347 3101 Gilbertum‚
1370 3053 1578 3092 vicarium
1601 3053 1813 3105 ejusdem,

147 3122 202 3162 ad
239 3123 488 3175 proximam
520 3124 635 3164 diem
662 3123 893 3176 juridicam
930 3129 1029 3176 post
1058 3122 1377 3162 Ascensionem
1415 3121 1608 3170 Domini,
1635 3135 1811 3174 respon-

148 3204 295 3229 surum
321 3205 449 3242 super
471 3205 557 3231 non
583 3192 862 3231 residentiam
887 3205 1018 3243 quam
1041 3191 1203 3243 juravit
1226 3190 1367 3230 facere
1390 3189 1676 3241 personalem.
