2023 3453
195 186 237 222 A.
247 191 291 222 D.
324 193 338 222 Ι
353 176 411 222 28
419 168 469 239 3]
604 169 655 222 Α
665 168 978 238 νίβιὶεβίςεορί
1026 167 1414 223 Cantuarienszk.
1760 183 1782 221 2
1798 192 1811 221 1
1827 188 1849 236 5

673 335 750 375 AD
782 344 1015 375 oRmNEM
1049 343 1377 375 DIACONATus.

311 420 474 460 Rector
495 419 550 460 de
573 420 718 460 Chart.

627 534 702 571 AD
734 541 966 572 ORDINEM
1004 533 1419 572 PREsmTERATus.

308 618 507 670 Rogerus
529 617 584 657 de
608 618 856 665 Cantuaria‚
879 616 933 656 ad
958 617 1133 657 titulum
1158 616 1421 669 patrimonii.

305 686 502 725 Thomas
525 685 579 726 de
604 686 869 734 Elmerston‚
892 685 946 725 ad
971 685 1147 725 titulum
1172 685 1435 737 patrimonii.

306 754 520 794 Ricardus
543 754 598 794 de
621 754 807 806 Olneya,
833 753 1152 793 Lincolniensis
1179 753 1377 801 diocesis,
1401 767 1475 805 per
1509 753 1675 792 litteras
1703 753 1853 793 dimis-

188 823 324 862 sorias
356 822 523 862 domini
558 822 894 875 Lyncolniensis
926 822 1132 874 episcopi,
1159 821 1213 861 ad
1247 821 1423 861 titulum
1458 821 1637 861 rectoris
1671 821 1854 862 ecclesie

189 890 244 930 de
268 891 453 943 Olneya.

306 959 520 1013 Magister
552 959 778 1008 Ricardus‚
802 965 942 999 rector
973 959 1154 999 ecclesie
1184 958 1238 998 de
1268 958 1408 1006 Becle,
1434 957 1631 1010 ejusdem
1657 958 1855 1008 diocesis,

190 1042 266 1081 per
287 1028 557 1068 dimissorias
580 1027 780 1080 ejusdem
807 1027 1154 1080 Lyncolniensis.

273 1140 351 1181 [Fo.
374 1142 487 1183 ¹12b.]

187 1211 280 1255 [lee
300 1211 466 1245 Convent
478 1212 525 1255 of
537 1211 568 1244 C
566 1211 791 1244 lcrz'stclmrclz
808 1212 962 1253 appoint
976 1210 1109 1243 Robert
1122 1210 1164 1243 de
1182 1211 1219 1242 E
1221 1210 1323 1243 llmm
1341 1211 1437 1244 tlcet'r
1444 1212 1617 1253 praalon]

270 1280 705 1320 PROCURATORIUM
732 1280 932 1320 PRioms
956 1288 1016 1318 ET
1039 1287 1271 1324 cAplTULI
1297 1287 1530 1319 ECCLESIE
1554 1278 1761 1319 CHRISTI

390 1348 690 1389 CANTUARIE
713 1357 914 1389 CONTRA
938 1356 1174 1388 ELECTUM
1200 1347 1657 1388 SARRISBURIENSIS.

303 1433 524 1475 Omnibus
548 1433 708 1474 Christi
726 1433 928 1473 fidelibus
951 1447 1129 1486 presens
1152 1433 1363 1486 scriptum
1383 1433 1537 1473 visuris
1559 1440 1603 1473 et
1626 1434 1853 1480 audituris,

188 1503 397 1551 Thomas,
431 1503 717 1555 permissione
758 1502 918 1551 divina,
951 1503 1068 1555 prior
1105 1502 1287 1542 ecclesie
1330 1501 1491 1543 Christi
1531 1502 1779 1552 Cantuarie,
1811 1510 1853 1543 et

187 1570 385 1623 ejusdem
419 1571 501 1611 loci
534 1571 776 1625 capitulum
810 1571 975 1612 humile
1007 1571 1193 1611 salutem
1228 1572 1269 1610 in
1300 1571 1495 1611 Domino
1527 1572 1853 1624 sempiternam.

188 1640 370 1681 Noverit
393 1641 652 1681 universitas
676 1647 819 1681 vestra
841 1640 959 1693 quod
984 1655 1075 1688 nos,
1098 1641 1140 1680 in
1164 1640 1370 1680 omnibus
1393 1641 1535 1680 causis
1566 1655 1641 1681 seu
1666 1642 1854 1694 negotiis

189 1709 319 1749 motis
341 1723 415 1749 seu
440 1709 681 1759 movendis,
696 1723 774 1749 nos
797 1716 840 1750 et
855 1710 1084 1750 ecclesiam
1104 1716 1298 1749 nostram
1318 1710 1687 1763 contingentibus,
1705 1724 1852 1750 coram

187 1779 538 1832 quibuscumque
572 1778 792 1831 judicibus
830 1779 1061 1819 ordinariis
1096 1793 1171 1819 seu
1200 1779 1414 1832 delegatis
1441 1779 1507 1819 vel
1542 1779 1853 1832 subdelegatis,

188 1847 581 1897 conservatoribus,
603 1862 678 1888 seu
701 1848 832 1888 etiam
865 1848 1188 1897 executoribus,
1218 1848 1558 1900 archiepiscopis
1581 1862 1654 1888 seu
1686 1849 1853 1901 episco-

189 1917 267 1970 pis,
288 1916 498 1957 dilectum
522 1917 648 1957 nobis
672 1918 713 1957 in
733 1917 908 1958 Christo
932 1917 1108 1957 fratrem
1135 1917 1379 1956 Robertum
1403 1916 1570 1957 dictum
1594 1917 1649 1957 de
1681 1917 1853 1966 Elham,

188 1986 556 2026 commonachum
580 1992 792 2034 nostrum,
808 1993 1140 2038 procuratorum
1159 1992 1357 2025 nostrum
1377 1986 1643 2035 ordinamus,
1658 1986 1853 2035 facimus,

186 2061 230 2096 et
251 2055 572 2104 constituimus,
593 2054 750 2095 dantes
776 2055 919 2095 eidem
943 2054 1178 2108 specialem
1213 2061 1476 2107 potestatem
1502 2055 1680 2094 nomine
1704 2062 1853 2095 nostro

187 2130 231 2163 et
277 2123 457 2163 ecclesie
505 2130 663 2173 nostre,
707 2123 879 2176 agendi,
925 2122 1204 2171 defendendi,
1256 2122 1520 2175 excipiendi,
1574 2123 1853 2175 provocandi,

188 2191 452 2245 appellandi,
475 2192 657 2231 crimina
689 2206 763 2232 seu
788 2192 984 2232 defectus
1018 2191 1305 2244 proponendi,
1329 2182 1610 2243 provocandi,
1632 2198 1675 2231 et
1702 2192 1851 2245 appel-

189 2260 307 2300 landi
332 2261 528 2300 maxime
550 2267 704 2300 contra
725 2261 1106 2300 confirmationem
1132 2260 1188 2300 de
1212 2260 1422 2312 magistro
1447 2260 1642 2300 Waltero
1666 2262 1853 2310 Scamel,

190 2329 499 2371 Sarisberiensi
542 2330 724 2370 ecclesie
756 2330 908 2378 electo,
946 2336 993 2370 ut
1025 2330 1195 2378 dicitur,
1230 2335 1382 2369 contra
1417 2329 1640 2369 libertates
1671 2330 1853 2371 ecclesie

190 2398 351 2439 Christi
370 2398 606 2439 Cantuarie
629 2413 705 2452 per
726 2398 956 2438 dominum
980 2398 1359 2451 archiepiscopum
1380 2398 1742 2439 Cantuariensem
1766 2399 1851 2439 fac-

189 2474 293 2517 tam,
311 2481 360 2507 ac
382 2467 515 2507 etiam
539 2474 692 2507 contra
714 2468 1090 2507 consecrationem
1114 2466 1169 2507 de
1193 2467 1288 2520 ipso
1312 2480 1387 2519 per
1408 2466 1597 2506 eundem
1621 2466 1850 2507 dominum

189 2536 580 2589 archiepiscopum,
604 2542 651 2576 ut
684 2536 997 2585 intelleximus,
1020 2536 1062 2575 in
1091 2536 1176 2575 alio
1203 2535 1300 2575 loco
1322 2549 1454 2588 quam
1483 2535 1667 2575 ecclesia
1691 2535 1850 2576 Christi

189 2603 450 2654 faciendam,
472 2605 707 2645 terminum
742 2605 784 2644 in
820 2605 938 2644 curia
972 2605 1176 2644 Romana
1209 2603 1476 2657 prefigendi;
1509 2603 1665 2643 dantes
1696 2604 1852 2653 eidem,

189 2682 237 2712 ut
259 2673 388 2725 prius,
404 2679 669 2725 potestatem
693 2673 929 2726 specialem
953 2672 1218 2726 appellandi,
1234 2671 1501 2725 provocandi
1526 2686 1603 2724 pro
1623 2671 1792 2723 juribus
1809 2679 1852 2712 et

190 2741 464 2781 libertatibus
486 2742 667 2782 ecclesie
690 2748 837 2782 nostre
860 2756 885 2781 a
907 2742 1070 2782 sanctis
1094 2741 1290 2794 patribus
1313 2741 1541 2789 concessis,
1556 2747 1599 2780 et
1622 2755 1647 2780 a
1669 2741 1852 2781 summis

191 2809 428 2863 pontifibus
460 2810 741 2860 confirmatis,
763 2825 917 2851 causas
949 2810 1258 2863 appellationis
1293 2810 1596 2862 prosequendi,
1618 2809 1751 2849 alium
1785 2810 1850 2850 vel

191 2879 299 2919 alios
332 2878 428 2919 loco
456 2879 521 2919 sui
549 2879 857 2928 substituendi,
878 2886 922 2919 et
948 2886 1088 2919 status
1124 2879 1257 2918 nostri
1282 2878 1634 2918 reformationem
1660 2878 1852 2930 petendi,

192 2948 395 3001 quotiens
437 2947 519 2987 sibi
553 2947 772 2988 videbitur
803 2948 1027 3001 expedire,
1058 2946 1356 2999 juramentum
1390 2952 1481 2985 tam
1515 2946 1570 2986 de
1602 2946 1853 2999 calumpnia

192 3030 324 3069 quam
348 3015 403 3056 de
425 3016 609 3057 veritate
630 3023 673 3057 et
696 3016 925 3069 quodlibet
940 3015 1058 3056 aliud
1081 3029 1219 3068 genus
1243 3014 1598 3066 licitijuramenti
1618 3015 1659 3054 in
1683 3016 1852 3056 animas

193 3091 364 3125 nostras
387 3085 624 3138 prestandi,
646 3093 689 3126 et
711 3085 860 3125 omnia
891 3086 977 3125 alia
1007 3084 1207 3133 faciendi,
1229 3097 1314 3136 que
1336 3083 1547 3136 premissa
1579 3085 1852 3137 contingunt,

193 3167 269 3193 seu
302 3154 559 3206 contingere
591 3160 788 3207 possunt,
819 3160 863 3194 et
894 3167 979 3206 que
1011 3166 1137 3194 verus
1169 3158 1212 3192 et
1248 3151 1490 3205 legittimus
1523 3159 1778 3205 procurator
1809 3154 1850 3193 in
