2023 3453
171 196 213 226 A.
224 196 268 226 D.
301 197 313 226 1
329 197 352 226 2
362 183 389 227 8
397 180 447 243 3]
608 181 660 226 Α
669 180 982 242 rclziepiscopz'
1019 180 1061 226 C
1059 178 1408 226 cantuariensis.
1746 196 1799 238 19
1808 195 1830 239 5

285 339 534 379 Gilebertus
557 339 612 379 de
638 339 920 391 Langedone,
944 339 997 379 ad
1022 339 1198 378 titulum
1226 337 1483 390 Hospitalis.

282 408 506 460 Johannes
529 408 584 447 de
618 408 873 452 Schorham,
897 408 951 447 ad
976 408 1151 447 titulum
1176 413 1219 446 et
1243 406 1482 459 pericnlum
1511 406 1679 445 domini
1703 406 1751 445 T.
1776 406 1831 445 de

169 476 434 517 Garderoba.

285 547 437 586 Frater
462 546 681 586 Robertus
704 546 759 585 de
782 546 913 586 Clive.
985 545 1209 598 lcanonici
1257 544 1312 584 de
1358 545 1524 593 Lisnes,
1564 558 1641 596 per
1681 544 1830 583 dimis-

286 615 437 655 Frater
461 616 659 667 Rogerus
674 615 729 654 de
750 614 970 666 Mepham·
986 601 998 650 l
1010 615 1145 653 sorias
1161 613 1376 653 adomino
1393 613 1590 653 Roffensi
1609 614 1828 666 episcopo.

284 685 436 724 Frater
459 684 673 723 Ricardus
695 683 751 723 de
773 683 951 734 (blank),
967 683 1209 722 monachus
1232 683 1287 722 de
1312 683 1445 727 Bello,
1462 696 1538 735 per
1559 682 1829 722 dimissorias

165 753 359 805 episcopi
384 753 695 805 Cycestrensis.

284 822 434 861 Frater
455 822 490 873 J.
514 821 569 861 de
594 822 806 873 Reygate.

890 906 1119 946 DIACONI.

278 987 503 1040 Johannes
525 986 580 1026 de
603 986 738 1031 Cliva,
756 985 810 1025 ad
837 986 1207 1038 presentationem
1232 985 1385 1025 decani
1412 986 1831 1038 Suthmallingensis

164 1062 207 1096 et
230 1056 285 1096 de
309 1062 515 1108 precepto
538 1054 717 1099 domini.

279 1125 504 1177 Johannes
527 1123 582 1163 de
607 1123 833 1164 Westfeld.

282 1194 500 1233 Dominus
525 1192 758 1241 VValterus,
782 1198 923 1232 rector
938 1192 1120 1233 ecclesie
1143 1193 1198 1233 de
1225 1193 1433 1232 Lovente.

281 1263 434 1303 Petrus
457 1262 512 1302 de
536 1261 776 1313 Cheyham.

280 1332 500 1371 VValterus
525 1330 743 1379 Godman,
766 1330 820 1370 ad
844 1330 1020 1370 titulum
1046 1331 1243 1382 magistri
1272 1330 1321 1370 A.
1345 1330 1400 1370 de
1426 1331 1551 1370 Hale.

277 1401 502 1453 Johannes
525 1399 580 1440 de
605 1400 830 1452 Risberge.
853 1399 908 1439 ad
933 1400 1108 1439 titulum
1135 1400 1269 1452 patris
1293 1400 1369 1440 sui.

282 1471 435 1510 Frater
458 1470 679 1510 Robertus
702 1468 757 1509 de
782 1468 1017 1509 Boclonde.

283 1540 435 1579 Frater
457 1538 707 1579 Willelmus
729 1538 784 1578 de
808 1538 1122 1590 Trumpetone.

282 1609 500 1649 Henricus
523 1608 578 1648 de
602 1607 829 1647 Waleden.

280 1678 499 1717 Dominus
524 1677 724 1729 Rogerus
750 1676 867 1722 Buff,
893 1682 1033 1716 rector
1055 1675 1236 1716 ecclesie
1258 1675 1313 1715 de
1341 1676 1582 1728 Herzghes.

845 1784 1152 1823 PRESBITERI.

278 1863 537 1904 Alexander
578 1863 632 1903 de
688 1863 902 1908 Huniton,
941 1863 1262 1915 Wygornensis
1313 1864 1512 1913 diocesis,
1550 1864 1605 1904 ad
1649 1865 1828 1905 titulum

162 1934 317 1987 prioris
339 1940 382 1974 et
414 1939 657 1973 conventus
692 1933 842 1973 Sancti
877 1932 1089 1985 Gregorii,
1113 1940 1255 1973 rector
1286 1934 1468 1973 ecclesie
1502 1934 1653 1975 Sancti
1690 1934 1828 1973 Marci

164 2003 398 2051 Lewensis,
422 2015 497 2055 per
518 2001 790 2041 dimissorias
814 2002 1009 2054 episcopi
1035 2001 1331 2042 Cicestrensis.

280 2071 501 2111 Robertus
524 2070 579 2110 de
603 2070 849 2119 Sufflwerk,
872 2070 927 2110 ad
951 2070 1128 2110 titulum
1155 2071 1351 2123 magistri
1374 2070 1430 2111 de
1457 2071 1583 2112 Hale.

278 2140 502 2181 Gilbertus
524 2139 579 2179 de
606 2140 854 2192 Reynham,
878 2153 954 2192 per
978 2139 1146 2179 litteras
1168 2139 1450 2180 dimissorias.

272 2210 496 2262 Johannes
529 2209 584 2249 de
619 2209 786 2256 Denne,
820 2208 875 2247 ad
911 2208 1087 2248 titulum
1127 2207 1335 2248 Willelmi
1377 2208 1432 2248 de
1474 2209 1633 2249 Hethe.

276 2278 473 2318 Thomas
505 2277 560 2317 de
585 2278 836 2329 Ringmere,
859 2276 913 2316 ad
947 2277 1123 2317 titulum
1147 2277 1302 2316 decani
1329 2276 1747 2330 Suthrnallingensis
1769 2278 1824 2317 de

162 2354 368 2401 precepto
390 2346 569 2386 domini.

277 2416 525 2456 Willelmus
550 2415 707 2463 Foliot,
731 2422 871 2455 rector
892 2415 1074 2454 ecclesie
1096 2414 1151 2454 de
1174 2415 1361 2467 Culinge
1386 2414 1606 2454 Roffensis
1629 2414 1815 2454 diocesis

162 2499 238 2538 per
259 2485 427 2525 litteras
449 2484 729 2524 dimissorias.

276 2553 524 2593 Willelmus
546 2553 601 2593 de
625 2552 964 2606 Wymbeldone,
988 2552 1042 2592 ad
1066 2552 1243 2592 titulum
1268 2552 1331 2592 sni
1356 2552 1620 2605 patrimonii.

275 2621 523 2662 Willelmus
546 2621 600 2661 de
624 2621 927 2675 Croyendene‚
950 2620 1004 2660 ad
1029 2621 1204 2661 titulum
1231 2620 1382 2662 Sancti
1407 2621 1603 2661 Antonii.

277 2691 428 2731 Frater
449 2690 673 2743 johannes
698 2689 939 2729 monachus
962 2689 1017 2729 de
1042 2689 1175 2738 Bello,
1199 2703 1275 2742 per
1295 2689 1566 2729 dimissorias
1588 2688 1822 2728 diocesani.

163 2807 287 2846 ITEM
335 2814 538 2845 NOMINA
581 2813 953 2845 ORDINATORUM
1000 2814 1172 2844 EADEM
1216 2813 1299 2844 DIE
1344 2813 1407 2843 DE
1438 2812 1820 2854 JURISDICTIONE

575 2873 953 2914 ARCHIDIACONI
988 2873 1408 2914 CANTUARIENSIS.

880 2953 1102 2994 AcomTr.

276 3022 495 3062 Robertus
520 3021 712 3062 Lumbre
734 3022 789 3061 de
812 3021 1072 3074 Sandwyco.

273 3090 499 3142 Johannes
523 3089 742 3142 Payforer.

277 3158 496 3199 Robertus
519 3157 573 3198 de
598 3158 771 3198 Ewelle.

1676 3236 1699 3259 0
1716 3236 1735 3260 2
