2023 3453
166 149 259 191 206
609 146 899 208 Regzklrmn
913 146 1170 210 Johannz's
1196 146 1409 193 Peclzam
1561 145 1679 208 [A.D.
1712 163 1726 192 Ι
1743 163 1763 192 2
1773 148 1799 191 8
1808 162 1833 206 3

161 304 364 345 volumus
417 306 643 358 pervenire
684 305 815 358 quod,
858 319 957 345 cum
1001 306 1169 345 domini
1226 307 1426 358 Rogerus
1478 305 1534 346 de
1588 306 1836 355 Derteford,

164 373 437 426 Reginaldus
480 373 623 414 dictus
669 374 731 414 Le
775 374 989 423 Arcevek,
1036 375 1187 414 Petrus
1230 374 1284 414 de
1328 374 1583 423 Guldeford,
1627 374 1836 428 magister

162 442 397 483 Gervasius
434 443 490 483 de
526 443 844 496 Crydingtone,
880 443 1015 496 Hugo
1053 443 1109 483 de
1145 444 1422 496 Plumptone,
1454 450 1498 484 et
1538 444 1752 483 Ricardus
1781 444 1836 484 de

162 511 380 565 Grangiis,
421 519 685 552 executores
728 512 980 552 testamenti
1025 512 1139 552 bone
1182 513 1392 553 memorie
1434 513 1602 552 domini
1640 513 1835 562 Walteri,

164 581 433 621 Exoniensis
465 581 673 633 episcopi,
697 594 844 620 coram
879 581 1006 620 nobis
1038 595 1095 621 ex
1131 581 1275 621 officio
1310 589 1460 622 nostro
1495 581 1835 635 procedentibus

161 649 345 690 fuissent
367 650 549 698 evocati,
573 649 627 689 ad
656 649 931 690 reddendum
965 651 1240 690 ratiocinium
1269 651 1523 691 testamenti
1554 658 1597 691 et
1627 651 1836 691 adminis-

160 718 360 758 trationis
387 717 603 757 bonorum
627 716 733 757 dicti
757 717 966 767 defuncti,
988 732 1175 771 quorum
1209 718 1638 759 administrationem
1670 719 1834 760 eisdem

160 787 278 840 prius
331 787 372 826 in
425 785 566 826 forma
614 786 723 839 juris
775 787 1091 837 commisimus,
1142 788 1274 828 iidem
1327 794 1599 837 executores,
1642 789 1837 841 predicte

160 855 379 896 vocationi
404 861 551 895 nostre
573 855 735 896 devote
758 862 974 909 parente5‚
997 870 1144 896 coram
1170 856 1294 896 nobis
1322 857 1364 896 in
1390 857 1585 897 manerio
1609 863 1759 897 nostro
1782 857 1837 898 de

162 924 500 976 Suthmallinge,
524 925 566 964 in
590 925 782 964 crastino
806 925 970 966 Sancte
994 925 1235 974 Trinitatis,
1259 939 1376 975 anno
1399 927 1539 979 gratie
1567 925 1692 966 m⁰cc⁰
1715 933 1836 967 octo-

158 994 328 1046 gesimo
379 993 520 1042 tertio,
563 994 851 1046 personaliter
893 1002 1247 1047 comparuerunt,
1288 1001 1332 1035 et
1384 995 1568 1048 predicti
1624 996 1836 1049 Rogerus,

164 1062 310 1115 Hugo,
348 1062 514 1111 Petrus,
556 1069 599 1102 et
644 1062 872 1112 Ricardus,
914 1077 992 1116 pro
1035 1077 1080 1104 se
1122 1071 1165 1104 et
1207 1064 1577 1104 coexecutoribus
1619 1065 1720 1114 suis,
1762 1079 1838 1117 per

159 1130 482 1171 ordinationem
517 1138 713 1171 nostram
737 1132 793 1172 de
826 1133 1021 1185 ipsorum
1052 1146 1269 1173 consensu
1297 1139 1340 1172 et
1363 1133 1591 1173 voluntate
1624 1146 1837 1186 expressa

158 1213 307 1240 coram
342 1199 534 1240 dominis
574 1200 792 1240 Nicholao
826 1201 881 1241 de
925 1201 1117 1241 Knovile
1151 1208 1194 1242 et
1235 1202 1410 1254 Rogero
1450 1201 1581 1250 Burd,
1614 1202 1837 1242 canonicis

163 1268 578 1309 Herefordiensibus
605 1270 879 1310 auditoribus
907 1285 983 1324 per
1006 1285 1084 1310 nos
1114 1271 1169 1311 ad
1201 1271 1283 1311 hoc
1317 1271 1566 1324 specialiter
1588 1271 1836 1323 assignatis,

160 1337 295 1390 ipsius
317 1339 571 1378 testamenti
605 1345 648 1378 et
681 1338 1078 1379 administrationis
1101 1354 1177 1379 sue
1200 1340 1255 1380 de
1288 1340 1415 1379 bonis
1448 1340 1705 1380 testamenti
1741 1354 1836 1392 pre-

159 1406 264 1447 dicti
298 1406 585 1447 reddiderunt
618 1406 748 1449 finale
780 1409 1058 1449 ratiocinium
1091 1416 1135 1449 et
1169 1409 1310 1457 fidele,
1334 1408 1549 1459 videlicet,
1576 1409 1632 1449 de
1663 1408 1837 1449 duobus

160 1475 335 1516 milibus
367 1476 634 1529 octingentis
668 1478 806 1517 tribus
840 1478 958 1518 libris
989 1478 1241 1530 quindecim
1279 1478 1429 1518 solidis
1459 1492 1546 1518 uno
1578 1478 1759 1518 denario
1794 1485 1837 1518 et

158 1544 405 1597 quadrante
435 1547 621 1599 receptis
656 1546 711 1587 de
748 1547 875 1587 bonis
910 1548 1046 1601 ipsius
1080 1547 1288 1587 defuncti.
1354 1548 1422 1587 De
1460 1547 1618 1600 quibus
1656 1561 1837 1601 compu-

157 1620 306 1654 tarunt
357 1621 447 1655 tam
502 1616 543 1655 in
585 1617 796 1668 expensis
847 1617 1073 1657 funerariis
1116 1616 1287 1656 debiter
1328 1617 1539 1670 expensis
1581 1617 1837 1657 necessariis

159 1683 326 1736 legatiS,
355 1690 399 1724 et
431 1685 527 1724 aliis
559 1684 753 1735 diversis,
776 1685 865 1726 duo
899 1686 1018 1726 milia
1050 1693 1285 1726 sexcentas
1317 1686 1597 1740 octingentas
1629 1692 1673 1726 et
1702 1700 1835 1726 unam

158 1752 289 1792 libras
313 1767 471 1794 novem
495 1754 660 1795 solidos
691 1768 850 1796 novem
874 1755 1079 1795 denarios
1102 1755 1283 1795 obolum
1314 1761 1357 1795 et
1380 1755 1687 1808 quadrantem,
1709 1763 1753 1796 et
1776 1756 1836 1796 sic

158 1822 364 1862 omnibus
393 1825 662 1877 computatis
689 1831 734 1864 et
765 1824 965 1865 allocatis
998 1824 1265 1865 tenebantur
1287 1824 1392 1864 dicti
1426 1831 1688 1864 executores
1717 1825 1837 1865 dicto

158 1891 367 1932 defuncto
410 1893 451 1932 in
487 1900 667 1933 centum
705 1893 861 1946 viginti
897 1893 1069 1933 duabus
1114 1893 1232 1933 libris
1274 1893 1471 1946 quinque
1512 1892 1664 1933 solidis
1699 1893 1837 1934 tribus

157 1960 348 2001 denariis
389 1969 433 2002 et
474 1962 617 2012 obolo,
660 1970 790 2015 prout
843 1963 884 2002 in
929 1962 1081 2003 rotulis
1124 1963 1320 2016 compoti
1373 1961 1615 2002 eorundem
1665 1963 1837 2015 plenius

158 2030 417 2071 continetur.
482 2031 541 2071 Et
582 2031 688 2072 dicti
729 2039 992 2072 executores
1038 2038 1245 2072 tenentur
1289 2031 1456 2071 solvere
1498 2038 1542 2071 et
1584 2031 1837 2072 satisfacere

159 2099 352 2151 plenarie
383 2099 672 2140 creditoribus
704 2107 748 2141 et
782 2101 1004 2154 legatariis
1037 2115 1086 2141 ac
1120 2101 1215 2140 aliis
1249 2100 1457 2140 omnibus
1490 2100 1532 2140 in
1566 2101 1662 2153 ipso
1695 2101 1838 2141 rotulo

157 2169 351 2222 compoti
385 2170 617 2218 contentis,
649 2169 705 2210 de
736 2170 941 2210 omnibus
974 2177 1018 2210 et
1051 2170 1235 2222 singulis
1269 2169 1350 2209 sibi
1384 2169 1584 2210 allocatis
1618 2170 1659 2209 in
1694 2170 1837 2210 rotulo

158 2238 353 2291 compoti
405 2237 627 2279 antedicti.
713 2239 770 2279 Et
823 2239 1134 2279 nichilominus
1188 2245 1494 2278 remanserunt
1547 2238 1588 2278 in
1636 2239 1836 2279 custodia

157 2305 398 2347 eorundem
433 2314 633 2360 tempore
656 2309 849 2360 compoti
884 2307 1143 2360 subscripta,
1166 2307 1293 2347 nobis
1327 2307 1522 2360 plenarie
1553 2307 1837 2356 restituenda,

159 2375 372 2424 videlicet,
397 2389 507 2416 unus
536 2377 693 2417 anulus
721 2391 820 2417 cum
854 2377 1031 2430 saphiro
1063 2377 1280 2429 aquatico,
1303 2390 1439 2416 unum
1464 2376 1836 2429 antiphonarium,

161 2457 295 2484 unum
319 2444 588 2496 psalterium,
603 2445 691 2485 duo
714 2446 832 2485 anuli
856 2445 912 2486 de
934 2446 1093 2499 precio,
1115 2445 1449 2498 quatuordecim
1475 2459 1584 2485 zone
1608 2444 1664 2485 de
1687 2446 1836 2494 serico,

159 2526 247 2552 una
269 2512 418 2566 lingua
441 2514 667 2566 serpentiS,
692 2527 777 2554 una
800 2528 900 2567 pars
923 2514 1174 2567 pentateuci
1198 2513 1382 2566 glosata,
1401 2512 1572 2554 diversa
1595 2514 1769 2553 cronica
1792 2514 1833 2553 in

159 2594 247 2621 uno
265 2581 499 2631 volumine,
516 2581 732 2631 videlicet,
752 2583 950 2623 Panteon
970 2582 1199 2624 Godefridi
1219 2582 1522 2630 viterbiensis,
1545 2581 1654 2622 liber
1674 2582 1834 2623 Decre—

159 2656 304 2690 torum
337 2657 380 2690 et
415 2650 714 2691 Decretalium
748 2652 1025 2705 apparitatus
1058 2651 1166 2705 [sz'c],
1192 2652 1300 2691 liber
1332 2652 1386 2691 de
1419 2651 1696 2700 animalibus,
1729 2651 1837 2692 liber

162 2719 403 2768 Avicenne,
432 2718 640 2771 Vejecius
667 2719 723 2760 de
752 2721 817 2760 Re
850 2721 1042 2769 Militari,
1069 2734 1154 2773 que
1188 2721 1337 2761 omnia
1369 2727 1413 2760 et
1446 2720 1618 2772 singula
1651 2721 1835 2774 predicti

158 2787 326 2827 domini
353 2788 554 2840 Rogerus
576 2787 632 2828 de
660 2788 895 2829 Derteford
918 2796 962 2829 et
994 2789 1148 2829 Petrus
1171 2788 1227 2829 de
1250 2787 1493 2829 Guldeford
1527 2788 1653 2828 nobis
1683 2796 1837 2842 postea

160 2855 353 2909 plenarie
395 2857 692 2907 restituerunt,
733 2858 935 2911 exceptis
977 2857 1261 2898 solummodo
1304 2857 1458 2910 viginti
1501 2856 1674 2897 duabus
1717 2857 1835 2898 libris

159 2925 354 2977 quinque
386 2925 537 2965 solidis
569 2925 707 2966 tribus
739 2926 929 2966 denariis
963 2926 1094 2966 obolo
1126 2940 1211 2979 que
1245 2939 1378 2979 penes
1404 2926 1572 2966 dictum
1604 2925 1833 2967 dominum

162 2994 384 3046 Rogerum
408 2992 463 3034 de
494 2994 727 3035 Derteford
764 3001 1067 3035 remanserunt
1105 2995 1231 3035 nobis
1264 2994 1548 3044 restituenda,
1570 3008 1669 3034 cum
1703 3008 1834 3048 super

162 3062 242 3102 hoc
267 3075 343 3115 per
365 3075 444 3102 nos
467 3062 595 3103 fuerit
625 3065 870 3117 requisitus,
892 3072 935 3105 et
964 3071 1155 3118 excepto
1185 3063 1381 3117 predicto
1412 3064 1521 3104 libro
1543 3064 1832 3113 decretorum,

163 3143 241 3183 pro
263 3143 351 3183 quo
373 3130 517 3171 dictus
544 3132 815 3185 Reginaldus
849 3133 887 3173 le
915 3133 1118 3173 Arceuek
1152 3132 1279 3173 nobis
1311 3133 1441 3174 solvit
1465 3139 1642 3173 centum
1667 3132 1833 3174 solidos
