2023 3453
140 182 162 212 2
174 183 196 226 5
208 181 229 211 2
560 165 850 227 Regz'sg‘rum
873 162 923 227 J
923 160 1131 210 ohannis
1166 160 1380 209 Pallam
1531 159 1649 225 [AD.
1683 179 1694 207 1
1711 164 1800 222 287

252 326 404 365 Frater
430 324 650 364 Robertus
674 322 916 362 monachus
940 321 995 361 de
1020 321 1244 374 Leigrave.

251 393 400 433 Adam
423 392 479 432 de
503 392 726 445 Beigrave.

251 462 501 502 Willelmus
526 460 683 500 Russel
707 459 762 499 de
786 459 884 500 Cic’.

251 531 499 571 Willelmus
523 530 578 569 de
602 530 747 570 Gates.

250 599 474 641 Galfridus
501 598 738 651 Hogheles

250 668 499 708 Willelmus
523 668 631 706 Brut
653 666 709 706 de
734 666 945 705 Arundel.

247 738 473 791 Johannes
495 736 551 776 (16
574 735 803 788 Wording.

249 807 446 859 Bijianus
468 805 578 856 (sic)
599 804 654 845 (16
678 804 906 857 Wording.

246 875 444 915 Thomas
467 873 662 915 Ordrith.

249 943 470 984 Robertus
495 942 651 996 Pyjun.

248 1012 464 1053 Ricardus
487 1011 542 1052 de
570 1012 759 1051 Thorne.

247 1083 472 1124 Gilbertus
494 1082 550 1122 de
574 1082 746 1124 Stokes.

248 1152 402 1192 Petrus
425 1151 480 1192 de
506 1151 654 1192 Holte.

248 1221 400 1260 Petrus
422 1221 477 1261 de
503 1221 602 1262 Cic’.

246 1290 469 1330 Walterus
491 1290 547 1330 de
571 1290 685 1343 Cyc'.

248 1358 477 1398 Michaelis
506 1359 728 1411 Berenger
750 1358 806 1398 de
835 1358 987 1398 Lewis.

804 1466 1129 1507 SUBDIACONI.

245 1547 460 1599 Magister
487 1546 708 1586 Robertus
738 1546 793 1587 de
816 1546 1029 1596 Cisteme,
1052 1545 1107 1586 ad
1139 1546 1317 1586 titulum
1349 1546 1532 1587 ecclesie
1560 1547 1615 1587 de
1647 1548 1801 1588 Newe-

130 1617 315 1657 chirche.

244 1685 471 1738 Johannes
522 1685 578 1725 de
631 1685 871 1734 VVintonia,
923 1699 1000 1738 per
1058 1684 1225 1725 litteras
1274 1685 1545 1725 dimissorias
1607 1685 1804 1726 officialis

130 1754 463 1803 Wintoniensis‚
482 1754 679 1794 custodis
697 1754 1021 1807 spiritualitatis
1039 1753 1226 1794 diocesis
1244 1754 1577 1803 Wintoniensis‚
1594 1755 1805 1808 episcopo

128 1823 312 1864 absente
344 1830 473 1864 extra
506 1837 702 1877 regnum,
735 1830 778 1864 et
810 1823 866 1864 ad
910 1824 1086 1864 titulum
1130 1824 1360 1876 hospitalis
1394 1824 1545 1865 Sancti
1587 1824 1803 1877 Johannis

131 1892 369 1942 Wintonie,
392 1893 433 1932 in
458 1892 583 1944 cujus
607 1893 886 1945 possessione
909 1899 974 1933 est
998 1899 1169 1933 retenta
1191 1893 1318 1945 copia
1340 1892 1429 1932 hec.

247 1961 468 2002 Robertus
499 1961 612 2001 filius
641 1961 865 2011 Bernardi,
893 1961 948 2002 ad
982 1962 1160 2002 titulum
1193 1961 1376 2002 ecclesie
1408 1961 1463 2001 de
1498 1962 1804 2010 Rummenale,

128 2031 183 2071 ad
207 2045 340 2083 quam
364 2037 430 2071 est
454 2036 732 2084 presentatus
755 2031 811 2071 de
834 2044 960 2071 novo.

247 2100 399 2140 Frater
430 2100 657 2152 Johannes
692 2100 747 2140 de
781 2100 1011 2140 Wintonia
1044 2106 1089 2140 et
1122 2099 1373 2140 Willelmus
1407 2099 1463 2140 de
1495 2100 1725 2141 Wintonia
1761 2107 1805 2142 et

132 2168 347 2209 Ricardus
380 2168 435 2209 de
471 2168 662 2218 Setford‚
688 2170 888 2209 canonici
923 2169 979 2209 de
1015 2168 1219 2218 Thifeud,
1250 2169 1571 2210 Wintoniensis
1606 2170 1805 2220 diocesis,

130 2252 206 2290 per
227 2238 477 2278 dimissoria
500 2239 653 2292 prioris
676 2246 720 2279 et
743 2238 941 2279 officialis
965 2239 1300 2288 Wintoniensis‚
1323 2239 1534 2292 episcopo
1556 2239 1750 2280 absente.

248 2307 401 2347 Frater
424 2307 678 2357 Nicholaus,
701 2309 940 2348 canonicus
962 2307 1017 2348 cle
1040 2308 1320 2361 Tortington.

246 2376 497 2416 Willelmus
519 2376 574 2417 de
601 2377 828 2426 Monceus,
852 2377 907 2417 ad
931 2377 1109 2418 titulum
1133 2377 1316 2418 ecclesie
1338 2377 1394 2418 de
1419 2378 1565 2417 Herst.

246 2446 469 2486 Walterus
496 2445 551 2486 de
581 2446 792 2496 Desham,
824 2447 1120 2487 Norwicensis
1152 2446 1351 2496 diocesis,
1374 2461 1451 2500 per
1482 2447 1732 2487 dimissoria
1761 2455 1804 2488 et

128 2514 182 2554 ad
207 2514 497 2556 sufficientem
522 2515 698 2556 titulum
724 2516 887 2569 proprii
912 2516 1165 2568 patrimonii
1189 2516 1266 2565 sui,
1289 2515 1344 2556 de
1367 2530 1466 2568 quo,
1489 2523 1569 2556 etc.

248 2584 400 2624 Frater
425 2584 574 2624 Adam
599 2584 654 2624 de
679 2585 897 2624 Monacus
920 2584 975 2625 de
1000 2585 1223 2638 Beigrave.

248 2653 468 2693 Robertus
525 2653 580 2694 de
639 2653 951 2706 Sidingburne,
1003 2653 1058 2693 ad
1117 2653 1294 2694 titulum
1351 2653 1534 2694 ecclesie
1587 2653 1801 2695 Omnium

132 2722 396 2763 Sanctorum
421 2723 475 2763 de
499 2723 799 2764 Graschirche.

249 2793 467 2832 Martinus
499 2792 554 2833 de
589 2793 719 2845 Bury,
742 2791 962 2832 admissus
993 2798 1037 2832 et
1070 2791 1291 2845 obligatus
1319 2791 1375 2832 ad
1408 2791 1608 2832 ordinem
1642 2806 1802 2833 canon-

133 2861 297 2900 icorum
321 2860 376 2901 de
403 2861 813 2901 Heriechehamme.

250 2930 491 2970 Nicholaus
523 2930 578 2970 de
609 2930 865 2979 Mounceus,
897 2929 951 2970 ad
991 2929 1166 2969 titulum
1203 2929 1418 2982 Johannis
1456 2929 1599 2970 fratris
1636 2931 1701 2970 sui
1735 2931 1801 2972 Cs.

134 2998 363 3038 annuatim
389 3012 464 3051 per
486 2998 654 3039 litteras
677 2999 741 3038 sui
775 3031 983 3039 ......
990 2997 997 3015 ¹

595 3159 603 3176 ¹
621 3158 701 3190 The
721 3158 933 3200 parchment
954 3158 1019 3190 has
1037 3158 1131 3190 been
1152 3163 1230 3190 torn
1250 3157 1345 3189 here.
