2023 3453
208 199 222 228 1
235 187 294 229 62
637 184 926 245 Regz'strmn
940 182 1196 247 sollemnis
1220 182 1434 228 Pecham
1599 181 1716 244 [A.D.
1745 198 1759 227 Ι
1775 184 1832 228 28
1841 197 1866 241 3

200 350 243 383 et
276 350 514 396 proventus
537 357 690 383 omnes
718 342 913 396 predicte
935 341 1117 381 ecclesie
1151 340 1206 381 de
1230 341 1399 393 Acryse
1429 340 1634 379 instantis
1668 341 1868 379 autumni

202 418 460 464 sequestres,
488 419 531 452 et
559 412 640 451 sub
668 418 789 451 arcto
816 416 1044 462 sequestro
1071 408 1280 449 custodiri
1319 408 1452 448 facias
1480 408 1592 448 sicut
1619 407 1674 448 (16
1701 408 1868 448 eisdem

202 481 328 521 nobis
360 481 547 521 volueris
580 479 855 533 respondere,
878 479 932 519 ad
967 493 1077 531 opus
1104 478 1319 531 Johannis
1349 478 1404 517 de
1438 477 1724 526 Gloucestria,
1754 491 1869 517 nunc

201 550 378 589 rectoris
410 550 592 589 ecclesie
625 554 877 589 memorate.
942 548 1108 587 Datum
1133 546 1249 599 apud
1285 546 1623 598 Suffimallinge,
1646 559 1744 586 non.
1767 546 1869 598 Julii

200 632 316 658 anno
341 619 521 658 Domini
546 620 673 657 m⁰cc⁰
694 617 967 670 octogesimo
989 617 1129 665 tertio,
1153 615 1442 655 ordinationis
1465 621 1613 654 nostre
1635 615 1799 667 quintO.

201 742 365 783 [Release
381 743 427 784 of
436 741 658 785 Slockbum']

318 816 613 855 RELAXATIO
686 823 961 855 FRUCTUUM
1036 822 1269 854 ECCLESIE
1342 822 1405 852 DE
1479 812 1873 854 STOCKBURIA.—

203 883 542 924 Memorandum
576 883 694 936 quod
738 883 799 935 xij
846 882 927 922 kal.
972 882 1190 931 Octobris,
1232 881 1349 934 apud
1393 881 1608 930 Tenham,
1649 882 1872 922 emanavit

198 953 342 992 littera
379 951 545 992 directa
580 952 791 1004 magistro
837 952 1030 991 Martino
1065 951 1368 990 commissario
1403 949 1458 989 de
1496 950 1770 990 relaxatione
1807 964 1870 990 se-

199 1022 362 1074 questri
398 1021 615 1061 fructuum
649 1021 830 1061 ecclesie
862 1020 917 1060 de
951 1019 1196 1069 Stocburia,
1231 1020 1333 1072 quia
1367 1019 1573 1059 dominus
1611 1019 1872 1069 Willelmus,

201 1097 341 1130 rector
381 1087 593 1142 ejusdem,
630 1103 707 1142 pro
740 1089 1029 1129 contumaciis
1061 1088 1156 1141 ejus
1188 1089 1243 1128 de
1275 1087 1502 1127 ordinibus
1535 1101 1622 1127 non
1657 1089 1871 1141 susceptis

200 1159 381 1199 domino
404 1158 615 1199 satisfecit
634 1159 765 1211 juxta
788 1172 864 1198 sue
886 1157 1211 1210 beneplacitum
1236 1157 1484 1198 voluntatis.

203 1290 487 1334 [sequestr-asion
504 1290 549 1331 of
559 1289 769 1329 l'ccklzam]

319 1364 659 1413 SEQUESTRUM
703 1372 980 1403 FRUCTUUM
1026 1371 1086 1401 ET
1131 1370 1479 1401 PROVENTUUM
1524 1370 1756 1402 ECCLESIE
1809 1371 1873 1401 DE

204 1432 643 1473 PECHAM.—Frater
663 1431 901 1484 Johannes,
932 1438 1025 1477 etc.,
1057 1431 1218 1471 dilecto
1250 1429 1339 1469 filio
1371 1430 1545 1470 officiali
1578 1429 1872 1470 archidiaconi

205 1502 437 1549 Lewensis‚
480 1501 679 1549 salutem,
720 1501 921 1553 gratiam,
963 1507 1006 1540 et
1048 1499 1413 1540 benedictionem.
1478 1499 1594 1552 Quia
1631 1499 1797 1540 fructus
1830 1506 1874 1540 et

203 1576 441 1623 proventus
463 1569 645 1609 ecclesie
667 1568 723 1608 de
758 1569 947 1609 Pecham
971 1583 1028 1609 ex
1052 1569 1181 1608 certis
1208 1569 1349 1608 causis
1376 1575 1419 1608 et
1452 1567 1680 1620 legittimis
1714 1568 1873 1621 magis-

203 1646 318 1679 trum
359 1639 582 1691 Rogerum
613 1637 668 1677 de
704 1638 974 1690 VVyztringe,
1008 1638 1081 1689 qui
1120 1651 1165 1676 se
1199 1637 1311 1689 gerit
1346 1650 1424 1689 pro
1462 1643 1628 1677 rectore
1662 1636 1874 1688 ejusdem,

205 1707 489 1760 tangentibus
549 1707 591 1746 in
645 1707 895 1746 visitatione
946 1712 1095 1746 nostra
1148 1706 1433 1746 Cicestrensis
1485 1706 1671 1746 diocesis
1722 1713 1875 1746 contra

206 1790 439 1829 personam
486 1789 610 1815 suam
663 1776 863 1824 inventis,
904 1775 1178 1815 decrevimus
1229 1775 1582 1827 sequestrandos,
1623 1774 1874 1815 discretioni

206 1850 347 1883 vestre
389 1843 708 1882 committimus
750 1848 793 1882 et
835 1841 1016 1882 firmiter
1057 1841 1329 1894 injungendo
1373 1841 1635 1881 mandamus
1668 1843 1875 1894 quatinus

207 1912 370 1951 fructus
392 1918 436 1951 et
459 1917 696 1964 proventus
720 1911 775 1950 ad
809 1911 1052 1963 predictam
1076 1911 1303 1951 ecclesiam
1339 1911 1609 1963 pertinentes
1642 1911 1685 1950 in
1719 1925 1875 1951 manus

207 1986 379 2019 nostras
422 1980 514 2019 sine
557 1993 678 2019 more
719 1979 952 2032 dispendio
994 1981 1287 2032 sequestretis,
1329 1986 1372 2020 et
1419 1979 1588 2019 faciatis
1631 1980 1713 2019 sub
1755 1986 1875 2020 arcto

207 2055 434 2101 sequestro
466 2048 688 2098 custodiri,
711 2062 896 2101 quorum
921 2048 1166 2088 custodiam
1192 2049 1315 2088 vobis
1338 2049 1657 2089 committimus
1684 2063 1760 2102 per
1782 2063 1876 2102 pre-

209 2124 365 2164 sentes,
388 2119 499 2158 sicut
528 2119 584 2158 de
612 2118 779 2158 eisdem
814 2118 939 2157 nobis
962 2118 1186 2158 volueritis
1219 2118 1492 2171 respondere.
1557 2118 1724 2158 Datum
1758 2118 1874 2172 apud

210 2186 429 2236 Otteford,
453 2187 512 2239 iiij
538 2200 636 2227 non.
664 2187 854 2239 Augusti
878 2201 994 2227 anno
1017 2194 1064 2227 ut
1087 2201 1228 2239 supra.

326 2319 491 2371 [Leller
510 2326 548 2358 l‘o
571 2319 639 2358 lais
665 2318 838 2371 Officz'al.
900 2320 1060 2371 Regz‘sl.
1086 2319 1221 2371 Epist.
1236 2319 1280 2372 J.
1304 2319 1532 2368 Pecklmm,
1555 2320 1599 2368 ii,
1621 2318 1735 2373 6713]

210 2459 345 2500 [Order
357 2463 392 2492 lo
406 2462 621 2502 sequestrate
637 2460 771 2493 certain
788 2460 983 2500 clzm‘clzes]

329 2533 624 2582 SEQUESTRA
680 2542 769 2573 PRO
821 2542 1150 2574 CONTUMACIA
1193 2542 1429 2573 ORDINUM
1473 2542 1874 2575 CELEBRATORUM

212 2611 344 2642 APUD
374 2602 885 2642 CROYNDON.—Frater
916 2603 1152 2655 Johannes,
1174 2609 1266 2651 eto,
1290 2603 1500 2655 magistro
1532 2604 1737 2652 Martino,
1759 2618 1876 2643 com-

214 2671 412 2710 missario
447 2685 536 2719 SUO,
563 2671 760 2711 salutem.
827 2672 1090 2711 Discretioni
1128 2678 1270 2711 vestre
1307 2672 1638 2720 committimus,
1674 2680 1717 2712 et
1755 2686 1875 2713 man--

213 2739 370 2779 damus
412 2740 618 2792 quatinus
661 2739 825 2780 fructus
871 2747 915 2780 et
962 2747 1199 2793 proventus
1240 2741 1521 2780 ecclesiarum
1563 2741 1618 2781 cle
1668 2741 1876 2791 Kestane‚

216 2808 428 2848 Omnium
473 2808 735 2848 Sanctorum
775 2809 1022 2857 Cantuarie‚
1059 2809 1113 2849 de
1157 2809 1477 2858 Ronardinton,
1513 2809 1568 2849 de
1606 2810 1786 2859 Snaves,
1823 2811 1877 2850 de

217 2876 494 2925 Brokebond,
527 2876 582 2917 (16
622 2877 973 2926 Heriethesham‚
1006 2878 1061 2918 de
1098 2879 1285 2931 Rypple,
1321 2879 1376 2918 de
1412 2878 1790 2932 Westlanginden,
1821 2879 1876 2919 de

222 2944 447 2993 Hautfeki,
483 2945 538 2985 de
582 2945 765 2994 Norton‚
808 2953 955 2985 nostre
996 2947 1182 2986 diocesis
1223 2953 1267 2987 et
1297 2946 1614 2998 jurisdictionis
1655 2955 1875 3000 exempte,

221 3014 264 3053 in
297 3013 512 3054 decanatu
548 3014 603 3054 de
636 3014 867 3063 Shorham,
889 3028 1073 3067 quarum
1108 3021 1295 3055 rectores
1327 3016 1461 3056 semel
1493 3022 1537 3056 et
1568 3017 1713 3069 sepius
1740 3017 1880 3057 vocati

218 3083 520 3134 peremptorie,
553 3083 728 3123 ordines
761 3097 871 3136 quos
903 3097 1051 3123 earum
1086 3098 1188 3124 cura
1221 3085 1398 3136 requirit
1430 3098 1455 3124 a
1487 3084 1612 3124 nobis
1651 3086 1876 3138 recepturi,

217 3165 470 3206 comparere
505 3152 684 3193 minime
721 3159 992 3201 curaverunt,
1021 3153 1113 3192 vice
1147 3160 1189 3193 et
1224 3153 1483 3194 auctoritate
1517 3160 1666 3195 nostra
1702 3168 1875 3208 seques-
