2023 3453
166 182 258 226 244
587 166 877 229 Regz'strum
900 166 1157 231 joliannis
1192 166 1407 212 Pecham
1556 165 1674 229 [A.D.
1706 169 1829 213 1286

275 326 502 379 Johannes
524 326 580 366 de
595 326 782 367 Camera
805 326 847 365 in
869 325 1157 374 Penecestria,
1171 324 1227 364 ad

159 396 336 435 titulum
361 402 404 435 et
428 395 801 448 presentationem
825 394 994 434 domini
1017 393 1073 434 de
1092 394 1227 434 Pene-

162 465 329 504 cestria.

278 533 532 587 Stephanus
561 532 616 572 de
641 532 872 584 Westgate
907 532 949 571 in
974 531 1227 580 Cantuaria‚

161 602 216 643 ad
240 602 417 643 titulum
442 601 695 655 patrimonii
718 601 796 641 sui.

278 672 504 724 Johannes
526 670 582 710 de
608 669 872 710 Porteslade.
1054 685 1083 734 χ

281 740 542 789 XVillelmus,
565 746 707 779 rector
728 738 910 779 ecclesie
932 738 987 778 de

164 809 528 849 Todelescumbe.

280 878 451 931 Symon
474 877 529 918 de
555 877 791 917 Horsham.

282 947 432 986 Hamo
454 946 509 986 de
533 946 783 999 Dalkynge.

279 1016 434 1057 Simon
458 1015 513 1055 de
537 1015 842 1069 Blechington.

280 1086 432 1125 Frater
469 1085 722 1138 Stephanus
759 1086 814 1126 de

1266 440 1337 480 isti
1390 445 1492 479 sunt
1543 439 1707 491 recepti
1754 452 1831 491 per

1265 509 1508 549 dominum.

162 1154 414 1195 Wedhurst.

279 1224 432 1264 Frater
486 1224 707 1264 Henricus
759 1224 814 1263 de

163 1293 358 1334 Ales-Osd-
851 1270 1055 1310 monachi
1079 1276 1081 1307 l

280 1363 432 1402 Frater
490 1362 706 1402 Ricardus
758 1362 813 1402 de
927 1340 982 1379 de
1079 1331 1161 1417 ,isti
1195 1367 1297 1400 sunt
1326 1361 1565 1413 presentati
1599 1375 1675 1415 per
1696 1360 1831 1400 offici-

162 1432 317 1472 Beche.
888 1408 1022 1449 Bello·
1079 1424 1088 1495 ’ᾗ
1150 1429 1263 1470 alem
1306 1429 1474 1469 domini
1527 1430 1830 1483 Cycestrensis

279 1501 432 1540 Frater
466 1500 715 1540 willelmus
757 1500 812 1567 de
1080 1548 1082 1565 s
1149 1499 1356 1552 episcopi,
1407 1505 1451 1539 et
1504 1513 1580 1552 per
1637 1499 1828 1539 litteram

161 1570 214 1610 W
239 1584 258 1609 ν.
1078 1567 1080 1604 f
1149 1568 1160 1607 i
1198 1568 1286 1607 sius
1308 1581 1332 1608 e
1367 1568 1457 1607 isco
1494 1569 1515 1607 i.

220 1585 236 1622 3
278 1639 431 1678 Frater
472 1637 723 1678 Willelmus
757 1638 812 1678 de
1078 1629 1079 1705 i
1167 1582 1194 1621 p
1336 1582 1363 1621 p
1462 1581 1489 1621 p

160 1707 475 1749 Wodecherch.
1078 1709 1080 1727 ¹

277 1777 430 1817 Frater
453 1776 672 1816 Warinus.
741 1777 944 1817 monachi
972 1778 1027 1818 de
1079 1765 1081 1815 i

278 1846 430 1885 Frater
454 1844 614 1885 Adam.
684 1781 700 1886 i
806 1846 968 1888 Lewes.
1079 1825 1081 1880 l

277 1915 448 1968 Symon
472 1914 527 1954 de
553 1915 833 1968 Kyngeston.
1080 1909 1081 1929 ³

277 1983 492 2024 Ricardus
514 1983 570 2024 de
593 1983 876 2026 Grenestede.

276 2052 518 2093 Nicholaus
541 2052 596 2093 de
619 2053 868 2094 Chirefeud.

277 2122 507 2175 Philippus
530 2120 585 2162 de
610 2122 818 2164 Cocham.

273 2191 499 2244 Johannes
551 2191 695 2231 dictus
749 2192 892 2232 Pistor
942 2193 998 2233 de

160 2260 332 2313 Crauly.

1080 2034 1081 2062 l

1080 2085 1082 2115 l

1080 2117 1081 2153 l

1049 2279 1056 2285 ι
1059 2230 1081 2278 fl!

883 2375 1114 2416 DIACONI.

276 2459 504 2512 Philippus
536 2459 590 2499 de
615 2459 846 2512 Ayleston,
872 2460 1192 2502 Lincolniensis
1225 2461 1425 2510 diocesis,
1448 2474 1524 2513 per
1545 2460 1829 2509 dimissorias,

154 2529 209 2570 ad
244 2529 419 2570 titulum
455 2529 706 2581 patrimonii
740 2530 817 2578 sui,
849 2530 905 2570 de
937 2544 1024 2583 quo
1057 2545 1103 2571 se
1135 2537 1394 2571 contentum
1429 2530 1661 2583 reputavit,
1693 2537 1737 2570 et
1769 2530 1823 2570 ad

158 2613 308 2652 preces
333 2598 529 2650 magistri
557 2598 737 2638 Henrici
765 2599 914 2648 Lovel,
936 2600 1044 2640 alias
1068 2601 1110 2640 in
1134 2600 1501 2640 subdiaconatum
1526 2598 1764 2640 ordinatus.

276 2666 537 2720 Radulphus
569 2666 624 2706 de
648 2666 833 2720 Olneye,
859 2668 1179 2709 Lincolniensis
1211 2668 1411 2717 diocesis,
1438 2681 1514 2720 per
1545 2667 1830 2716 dimissorias,

157 2736 211 2776 ad
236 2736 412 2776 titulum
438 2735 691 2788 patrimonii
715 2736 793 2784 sui,
815 2736 922 2776 alias
946 2751 971 2776 a
992 2736 1175 2777 domino
1197 2736 1435 2777 ordinatus.

277 2805 517 2844 Nicholaus
540 2804 596 2845 de
630 2805 836 2853 Dovoria‚
859 2805 913 2846 ad
949 2806 1126 2846 titulum
1161 2806 1427 2859 patrimonii,
1459 2805 1565 2845 alias
1598 2805 1828 2853 admissus,

159 2875 212 2915 ad
239 2874 611 2928 presentationem
636 2881 680 2914 et
702 2875 1083 2915 examinationem
1107 2874 1403 2915 archidiaconi
1428 2874 1768 2915 Cantuariensis.

274 2943 500 2996 Johannes
522 2943 577 2983 de
601 2943 909 2993 Stoi<e,rect01·
930 2943 1128 2996 ejusdem
1152 2943 1334 2984 ecclesie
1351 2943 1619 2983 Exoniensis
1641 2942 1827 2982 diocesis

160 3027 236 3067 per
257 3012 538 3053 dimissorias.

277 3081 536 3121 Alexander
567 3081 621 3121 de
654 3082 876 3131 Taunton,
912 3082 1180 3122 Exoniensis
1213 3081 1411 3130 diocesis,
1435 3095 1512 3134 per
1543 3080 1827 3129 dimissorias,

159 3151 265 3191 alias
292 3150 532 3198 ordinatus,
564 3150 618 3190 ad
655 3151 829 3191 titulum
864 3157 908 3191 et
941 3151 1313 3205 presentationem
1348 3150 1544 3202 magistri
1567 3155 1610 3190 et
1644 3149 1824 3191 fratrum
