2023 3453
138 218 234 249 A.D.
265 203 352 248 128
361 201 410 265 3]
567 200 942 263 Archz'epz'scopz‘
977 199 1367 247 Cantuarz'ensc's.
1714 213 1736 242 2
1752 213 1766 242 1
1785 212 1800 242 1

260 362 407 403 Adam
431 362 486 403 de
509 362 751 403 Otteforde.
1092 360 1340 400 Willelmus
1362 358 1417 398 de
1442 358 1594 398 Boxle.

257 437 481 489 Johannes
504 436 543 476 le
566 436 762 489 Butyllir.
1092 435 1288 474 Thomas
1311 433 1366 473 de
1390 432 1647 473 Northflete.

263 505 480 545 Henricus
506 504 721 556 Scimmig
742 504 797 544 de
822 503 973 544 Boxle.
1096 503 1316 542 Robertus
1339 502 1393 541 de
1416 501 1457 540 la
1481 499 1647 553 Lynde.

258 574 482 626 Johannes
505 572 559 613 (16
584 573 735 613 ΒΟΧ16.
1092 571 1314 611 Gilbertus
1337 570 1391 610 de
1416 569 1657 611 Savenake.

818 657 1142 699 SUBDIACONI.

261 734 561 773 Bertrammus
583 732 638 772 de
663 732 820 780 Estria,
843 732 897 771 ad
921 731 1098 772 titulum
1123 731 1284 783 proprii
1310 730 1574 782 patrimonii.

261 802 422 841 Rector
444 800 499 840 de
525 800 765 840 Houtfeud.

261 870 479 910 Henricus
501 868 556 909 de
582 869 808 916 Harifeud,
831 868 886 908 ad
912 867 1200 907 sufficientem
1224 868 1401 907 titulum
1426 867 1661 919 proprium.

258 938 506 978 Willelmus
543 938 597 977 de
632 936 860 982 Bocstede,
895 936 949 976 ad
985 936 1150 976 bonum
1186 936 1361 976 titulum
1402 936 1638 989 proprium,
1673 942 1717 974 et
1752 934 1807 974 ad

143 1007 514 1061 presentationem
539 1006 693 1046 decani
720 1005 1035 1057 Mallingensis.

259 1076 406 1116 Adam
442 1074 497 1114 de
532 1075 696 1116 Sancto
721 1074 911 1122 Albano,
943 1073 997 1113 ad
1033 1073 1321 1113 sufficientem
1360 1072 1535 1112 titulum
1571 1072 1807 1125 proprium,

142 1158 219 1197 per
239 1143 509 1184 dimissorias
532 1142 714 1183 abbatis

255 1213 479 1266 Johannes
511 1212 566 1252 de
592 1211 834 1251 Londoniis
857 1210 911 1251 de
936 1211 1152 1259 Arcubus,
1175 1210 1227 1250 ad
1263 1210 1438 1251 titulum
1472 1209 1631 1249 domus
1656 1209 1806 1250 Sancti

141 1281 294 1334 Jacobi
315 1280 447 1333 juxta
469 1280 924 1320 Westmonasterium.

260 1349 478 1389 Henricus
514 1348 570 1389 de
607 1348 929 1397 Herietesham‚
961 1347 1015 1387 ad
1051 1348 1216 1387 bonum
1254 1347 1431 1387 titulum
1468 1346 1692 1399 proprium
1731 1359 1808 1398 per

142 1419 308 1459 bonum
331 1418 646 1458 testimonium.

258 1487 477 1528 Robertus
500 1487 554 1527 de
578 1486 842 1535 §ev-«snakes,
865 1486 921 1526 ad
944 1486 1122 1526 titulum
1148 1486 1400 1539 patrimonii
1424 1484 1727 1525 sufficientem.

258 1557 505 1597 Willelmus
528 1556 582 1596 de
607 1556 823 1605 Chilham,
845 1556 900 1595 ἃᾶ
925 1556 1102 1595 titulum
1126 1555 1390 1608 patrimonii.

259 1626 521 1666 Lambertus
556 1625 611 1665 de
647 1625 850 1673 &Votone
888 1625 943 1665 ad
982 1625 1159 1664 titulum
1196 1624 1350 1677 prioris
1386 1623 1617 1677 hospitalis
1655 1622 1807 1663 Sancti

141 1695 366 1747 johannis

146 1780 222 1820 AD
253 1789 483 1821 TITULUM
519 1780 719 1821 SANCTE
745 1780 915 1820 MARIE
948 1790 1012 1820 DE
1038 1780 1263 1820 BOXLEIA
1287 1789 1441 1819 ETIAM
1475 1788 1540 1818 AD
1573 1787 1807 1819 ORDINEM

765 1857 1188 1890 SUBDIACONATUS.

259 1930 411 1969 Frater
431 1929 668 1982 Johannes,
981 1929 1134 1968 Frater
1157 1927 1382 1968 Ricardus.

260 1998 411 2038 Frater
435 1997 631 2050 Egidius
984 1997 1136 2037 Frater
1160 1996 1386 2037 Ricardus.

864 2088 1094 2129 DIACONI.

257 2173 505 2213 VVillelmus
527 2173 582 2213 de
606 2173 811 2226 Sellinge,
834 2172 888 2213 acl
913 2173 1089 2213 titulum
1116 2173 1267 2214 Sancti
1291 2173 1501 2225 Sepulcri.

258 2242 483 2295 Johannes
525 2241 580 2282 (16
622 2242 751 2291 Aula,
793 2241 847 2282 ad
902 2242 1078 2282 titulum
1132 2241 1386 2282 earumdem
1449 2255 1548 2281 cum
1601 2241 1805 2281 cautione

100 2342 103 2346 .
142 2311 485 2364 indempnitatis.

259 2380 490 2433 Benjamin
507 2379 562 2420 de
582 2380 818 2428 Mersham,
836 2380 891 2420 ad
915 2380 1228 2433 patrimonium
1253 2376 1476 2432 proprium
1501 2378 1802 2418 sufficientem.

258 2448 498 2488 Nicholaus
532 2448 587 2489 de
621 2449 825 2497 Dovoria,
857 2448 911 2488 ad
947 2448 1124 2488 titulum
1163 2449 1365 2501 priorisse
1398 2455 1441 2488 et
1473 2453 1714 2487 conventus
1749 2446 1803 2485 de

143 2518 405 2558 Davintone.

257 2586 453 2626 Thomas
475 2586 530 2626 de
554 2586 790 2639 Eylmerst‚
812 2587 866 2627 ad
890 2587 1066 2627 titulum
1091 2587 1326 2639 proprium.

255 2655 480 2707 Johannes
504 2655 769 2695 Marchaunt
791 2655 846 2695 de
870 2655 1127 2703 Merstham,
1150 2655 1206 2698 ad
1228 2654 1405 2694 titulum
1429 2654 1664 2706 proprium.

258 2723 410 2765 Frater
434 2723 569 2776 Hugo
591 2723 646 2763 de
668 2724 961 2777 Tunebrigge.

256 2791 517 2840 willelmus,
540 2798 681 2832 rector
702 2792 884 2832 ecclesie
908 2792 1167 2834 Stokebirie.

258 2860 471 2913 Magister
493 2860 646 2904 Simon
669 2861 725 2901 de
748 2861 1052 2914 Wynchelese‚
1075 2867 1216 2900 rector
1241 2860 1422 2900 ecclesie
1444 2860 1571 2899 beate
1595 2859 1734 2898 Marie
1757 2859 1796 2897 in

145 2929 346 2969 Marisco

257 2997 477 3037 Robertus
498 2997 553 3038 de
575 2997 755 3039 Cumbe.

414 3095 491 3134 AD
513 3105 742 3137 TITULUM
767 3097 966 3138 SANCTE
999 3097 1167 3136 MARIE
1195 3105 1259 3135 DE
1284 3096 1529 3135 BOXLEYA.

259 3174 411 3215 Frater
434 3175 643 3229 Rogerus.
696 3208 701 3216 ,
1090 3175 1241 3215 Frater
1266 3174 1535 3227 Radulphus.
