2023 3453
147 162 239 222 248
568 161 858 226 Regislrmn
883 161 1139 227 sollemnis
1175 162 1389 209 Pecbam
1538 161 1657 226 [A.D.
1689 181 1703 210 1
1718 165 1808 223 287

264 322 532 362 Laurencius
554 322 609 362 de
634 321 868 363 Sandwich
893 321 935 360 in
960 321 1128 361 Cantia.

261 391 483 430 Walterus
505 390 560 430 de
585 389 850 438 VValsoken',
874 389 1184 442 Norwycensis
1210 389 1409 439 diocesis,
1432 403 1508 442 per
1530 389 1813 441 dimissorias,

145 465 188 499 et
210 459 264 499 ad
289 460 466 499 titulum
491 459 714 512 proprium
738 458 794 498 de
816 472 904 511 quo
926 473 972 498 se
995 458 1117 498 bene.

260 528 508 568 XVillelmus
538 528 703 576 Basset,
728 527 1050 567 Lincolniensis
1072 526 1270 574 diocesis,
1293 541 1370 579 per
1396 527 1666 567 dimissorias
1689 535 1732 568 et
1755 528 1808 568 acl

143 596 334 645 titulum,
357 604 404 636 ut
427 597 633 649 proximo
656 610 797 648 supra.

260 666 483 706 Gilbertus
512 664 567 704 (16
602 665 831 717 Egemere,
861 665 1170 717 Norwycensis
1205 664 1404 714 diocesis,
1426 679 1503 718 per
1528 665 1812 715 dimissorias,

142 741 184 774 et
208 734 262 774 ad
287 734 462 774 titulum
486 747 619 786 quam
643 734 900 786 acceptavit.

257 803 483 855 Johannes
499 803 553 843 de
578 803 802 856 Berweby,
821 803 1143 843 Lincolniensis
1165 803 1365 852 diocesis,
1381 817 1458 856 per
1472 803 1640 843 litteras
1662 804 1812 843 dimis-

142 873 291 921 sorias,
314 872 368 912 ad
393 872 570 912 titulum
596 879 642 912 ut
665 873 782 912 alias.

256 941 482 994 Johannes
505 940 559 981 (16
586 941 800 991 Merham‚
823 941 878 982 ad
902 941 1079 982 titulum
1113 941 1296 981 ecclesie
1320 942 1471 983 Sancti
1502 941 1734 982 Michaelis
1756 941 1811 982 de

142 1011 366 1052 Cornhille
391 1011 736 1051 Londoniarum.

259 1080 475 1120 Ricardus
507 1079 562 1120 de
598 1080 638 1120 la
672 1080 799 1129 Wile,
832 1086 974 1120 rector
1015 1080 1198 1120 ecclesie
1239 1080 1294 1120 de
1326 1079 1636 1129 Childefrome‚
1671 1081 1810 1122 Saris-

141 1149 354 1189 buriensis
377 1149 576 1198 diocesis,
600 1164 676 1203 per
698 1150 866 1190 litteras
889 1149 1170 1189 dimissorias.

256 1219 482 1271 Johannes
514 1219 570 1259 de
604 1219 876 1268 Edburtone,
899 1218 954 1258 ad
989 1219 1362 1271 presentationem
1396 1218 1550 1258 decani
1585 1218 1810 1260 Suthmal-

142 1289 362 1341 lingensis,

227 1422 305 1462 [Fo.
327 1423 438 1463 129b.]

140 1476 377 1520 [Ordinatz‘on
394 1480 435 1508 at
450 1476 602 1518 Lewes]

142 1546 371 1587 ORDINES
394 1554 671 1586 CELEBRATI
702 1555 752 1585 IN
790 1546 1034 1586 ECCLESIA
1059 1555 1204 1585 BEATI
1241 1545 1409 1584 MARIE
1434 1554 1498 1584 DE
1523 1545 1808 1585 WESTOUTE

256 1624 308 1654 IN
336 1614 510 1655 LEWEs
534 1614 903 1655 CYCESTRENsis
928 1623 1149 1655 DIOCESIS
1182 1623 1287 1655 IPSA
1310 1623 1434 1655 SEDE
1457 1623 1690 1654 VACANTE
1724 1623 1808 1654 DIE

256 1684 509 1725 SABBATHI
543 1692 783 1732 QUATUOR
817 1692 1098 1724 TEMPORUM
1125 1683 1317 1724 MENSIS
1346 1683 1638 1724 DECEMBRIS
1665 1692 1808 1724 ΑΝΝΟ

255 1754 452 1793 DOMINI
477 1755 608 1793 M⁰CC⁰
631 1752 959 1794 OCTOGESIMO
982 1761 1206 1794 SEPTIMO.

916 1867 1140 1908 ACOLITI.

253 1966 479 2018 Johannes
511 1965 567 2005 de
601 1965 741 2017 Esger
773 1964 828 2005 de
872 1965 971 2006 Sor·
1095 1965 1342 2005 Willelmus
1366 1964 1420 2005 de
1444 1964 1720 2005 Wilminton.

137 2037 251 2076 ham.
1090 2034 1288 2074 Thomas
1310 2034 1366 2074 de
1388 2034 1665 2074 Wilminton.

254 2104 502 2145 Germanus
528 2102 722 2143 Hobelit.
1089 2103 1287 2143 Thomas
1310 2103 1365 2143 de
1390 2103 1652 2155 Kingeston.

253 2172 504 2212 Willelmus
530 2172 805 2212 Modestone.
1092 2172 1293 2225 Rogerus
1315 2171 1370 2212 de
1395 2172 1592 2224 Feringe.

256 2241 475 2281 Henricus
498 2240 553 2280 de
579 2240 824 2281 Mokeford.
1090 2241 1339 2281 Willelmus
1363 2241 1569 2287 Tumure.

252 2310 478 2362 Johannes
501 2309 701 2349 Testard.
1090 2310 1246 2352 Simon
1270 2310 1309 2351 le
1332 2310 1559 2352 Gardenir.

253 2378 502 2418 Willelmus
525 2377 580 2417 de
604 2378 834 2419 Grensted.
1092 2379 1308 2419 Ricardus
1332 2379 1473 2421 Stace.

256 2446 529 2500 Reginaldus
552 2446 607 2486 de
631 2447 906 2488 Wilminton.
1093 2447 1342 2487 Willelmus
1365 2448 1420 2488 de
1445 2447 1688 2489 Uckefeud.

255 2516 410 2557 Simon
434 2516 488 2555 de
512 2515 788 2556 Wilminton.
1093 2517 1293 2569 Rogerus
1316 2517 1371 2557 de
1395 2516 1544 2569 Clyva.

257 2584 471 2624 Ricardus
494 2584 549 2624 de
574 2584 879 2625 Berkhamme.
1089 2585 1315 2636 Johannes
1338 2585 1377 2625 le
1402 2585 1534 2638 King.

257 2655 410 2693 Petrus
433 2652 488 2693 de
512 2653 737 2706 Stangate.
1089 2654 1314 2706 Johannes
1337 2660 1408 2694 ate
1432 2654 1542 2695 Stile
1559 2653 1614 2694 de
1638 2654 1806 2695 Seford.

255 2722 504 2762 Willelmus
526 2721 581 2762 de
607 2722 856 2762 Marsefeld.
1088 2723 1314 2775 Johannes
1332 2723 1387 2763 de
1412 2723 1631 2763 Brokerst.

254 2791 479 2844 Johannes
504 2792 635 2831 Perci.
1088 2791 1314 2844 Johannes
1338 2792 1485 2832 Yvori.

257 2860 476 2900 Robertus
498 2860 553 2900 de
577 2860 814 2900 Cokefeud.
1088 2860 1314 2913 Johannes
1331 2860 1386 2901 de
1411 2861 1573 2901 Lewes.

256 2928 505 2969 Willelmus
528 2929 583 2968 de
609 2929 814 2969 Isexvode.
1092 2929 1340 2970 Willelmus
1359 2930 1399 2969 in
1426 2935 1629 2970 mercato.

255 2997 479 3038 Gilbertus
502 2997 557 3037 de
582 2998 736 3038 Borne.
1087 2999 1312 3051 Johannes
1334 2998 1389 3039 de
1413 2999 1595 3039 Bimere.

257 3066 462 3106 Matheus
485 3066 540 3106 de
566 3067 853 3120 Peveneseye.
1092 3067 1291 3120 Rogerus
1314 3067 1369 3107 de
1392 3067 1542 3107 onrd.

255 3136 410 3175 Simon
433 3134 487 3174 (le
515 3135 683 3175 Horsie.
1092 3136 1289 3175 Thomas
1312 3135 1367 3175 de
1391 3135 1541 3175 onrd.
