2023 3453
144 185 166 215 2
177 185 199 215 2
211 185 234 214 2
575 170 864 232 Regz'strum
878 170 929 234 J
926 169 1050 217 ohan
1057 169 1134 216 nis
1157 170 1372 216 Peclmm
1535 169 1653 233 [A.D.
1681 187 1696 217 1
1711 188 1733 218 2
1742 174 1769 219 8
1778 187 1801 232 5

255 330 476 370 Thomam
501 331 766 372 Chaunterel
790 330 845 370 de
868 330 1018 383 Clyva.

257 399 480 452 Rogerum
504 399 559 440 de
583 399 876 440 Cherlewode.

787 485 1150 526 SUBDIAcoNos.

256 559 453 599 Fratrem
480 560 719 599 Ricardum
743 559 798 599 de
822 559 1047 611 Eselynge
1070 558 1125 598 de
1147 558 1300 597 ordine
1323 558 1660 611 predicatorum.

257 628 521 679 Magistrum
547 628 805 677 Robertum,
828 628 1187 680 penitentiarium
1213 626 1551 679 Suthmallyng’.

254 696 527 736 Willelmum
562 695 729 736 dictum
766 696 922 745 Herth,
956 696 1011 736 ad
1049 696 1226 736 titulum
1264 702 1308 735 et
1346 695 1604 735 mandatum
1638 695 1806 735 domini

139 765 338 818 speciale,
361 765 566 817 parochie
589 765 644 805 de
668 765 915 805 Fremfeud.

255 834 551 886 Reginaldum
575 834 742 874 dictum
769 834 886 874 Peke
908 834 962 874 de
982 833 1334 886 Suthmallynge‚
1354 832 1408 872 ad
1433 833 1806 886 presentationem

138 902 292 943 decani
315 903 513 956 ejusdem
538 904 631 943 loci.

255 973 499 1013 Robertum
525 972 660 1013 filium
687 972 911 1025 Radulphi
934 972 989 1012 de
1013 972 1330 1025 Suthmallyng
1351 971 1407 1012 ad
1432 971 1806 1024 presentationem

138 1041 292 1081 decani
315 1041 515 1093 ejusdem
539 1042 632 1082 loci.

255 1109 476 1150 Thomam
501 1110 540 1150 le
563 1110 757 1163 Waleys,
780 1110 834 1151 ad
858 1110 1036 1151 titulum
1060 1110 1242 1151 ecclesie
1265 1109 1320 1149 de
1343 1109 1488 1150 Chert.

255 1179 453 1219 Fratrem
481 1180 723 1219 Henricum
747 1179 802 1219 de
826 1179 1139 1232 Apeldrefeucl.

255 1248 452 1288 Fratrem
479 1248 718 1289 Ricardum
743 1248 798 1289 de
822 1249 1062 1301 Westgate.

837 1334 1109 1375 DIACONos.

255 1409 454 1449 Fratrem
479 1410 670 1459 Petrum,
694 1409 960 1449 monachum
986 1409 1255 1451 Lewensem.

254 1478 475 1518 Thomam
504 1478 559 1519 de
587 1478 750 1528 Ottele,
774 1479 1084 1532 Norwycensis
1113 1479 1301 1520 diocesis
1328 1494 1404 1534 per
1436 1481 1603 1521 litteras
1635 1480 1807 1521 dimiss—

137 1548 263 1597 orias,
284 1554 328 1588 et
350 1549 405 1588 ad
429 1549 605 1589 titulum
630 1555 673 1589 et
696 1549 1070 1602 presentationem
1096 1551 1293 1603 magistri
1318 1550 1420 1591 Ade
1441 1551 1496 1591 de
1522 1551 1671 1591 Hales.

256 1617 499 1658 Robertum
523 1618 578 1658 de
604 1618 868 1666 Middelton,
892 1624 1105 1658 rectorem
1133 1619 1316 1660 ecclesie
1338 1620 1394 1660 de
1423 1620 1624 1669 Perham,
1648 1619 1807 1673 Cyces-

137 1686 294 1725 trensis
316 1686 516 1736 diocesis,
540 1701 616 1740 per
638 1687 805 1727 litteras
828 1686 1111 1727 dimissorias

256 1755 495 1795 Ricardum
519 1756 574 1796 de
599 1755 814 1803 Okefeud,
838 1755 892 1795 ad
916 1755 1094 1796 titulum
1118 1756 1273 1797 decani
1298 1757 1744 1812 Suthmallyngensis

254 1824 526 1865 Willelmum
550 1826 605 1866 de
628 1825 857 1875 Bocstede‚
881 1826 936 1865 ad
960 1827 1336 1879 presentationem
1360 1827 1559 1879 ejusdem
1583 1828 1749 1869 decani.

255 1894 553 1947 Reginaldum
577 1894 632 1935 de
655 1895 838 1935 TanetO.

255 1962 520 2002 Nicholaum
544 1963 600 2003 de
624 1964 780 2004 Burne.

1185 1179 1211 1295 }
1236 1212 1472 1251 canonicos
1495 1210 1550 1251 de
1576 1211 1728 1251 LedeS.

251 2031 502 2084 Johannem
528 2032 719 2072 Achard.
905 2035 1146 2074 monachos
1169 2034 1351 2075 ecclesie
1374 2035 1621 2076 Cantuarie.

254 2101 497 2153 Symonem
521 2101 577 2142 de
595 2102 832 2155 Valoynes.
863 2064 880 2142 l-

255 2170 628 2211 Bartholomeum.
856 2146 869 2221 j

803 2252 1151 2293 PRESBITERos.

254 2323 554 2378 Radulphum,
606 2332 819 2366 rectorem
872 2327 1056 2367 ecclesie
1107 2327 1162 2367 de
1214 2326 1540 2377 Graveshende‚
1584 2328 1806 2369 Roffensis

137 2392 335 2442 diocesis,
358 2408 434 2447 per
456 2394 623 2434 litteras
645 2395 928 2436 dimissorias.

251 2462 500 2515 Johannem
534 2464 589 2504 de
622 2463 865 2514 Chileham,
897 2465 952 2505 ad
985 2465 1161 2505 titulum
1196 2465 1448 2518 patrimonii
1481 2466 1558 2515 sui,
1591 2466 1697 2509 alias
1730 2481 1807 2520 per

138 2530 368 2571 dominum
392 2531 644 2572 ordinatum
668 2533 722 2572 ad
746 2532 937 2573 eundem
961 2533 1150 2574 titulum.

256 2600 580 2641 Bertrammum
616 2602 671 2641 de
705 2602 863 2651 Estria‚
893 2602 948 2642 ad
982 2603 1159 2642 titulum
1195 2603 1446 2656 patrimonii
1480 2604 1556 2652 sui,
1591 2603 1698 2643 alias
1731 2618 1806 2657 per

138 2668 368 2709 dominum
393 2669 644 2710 ordinatum
668 2670 724 2710 ad
747 2670 937 2711 eundem
962 2671 1150 2711 titulum.

257 2738 500 2778 Robertum
524 2738 579 2779 de
604 2739 809 2779 Dovoria.

255 2806 494 2847 Ricardum
518 2808 573 2848 de
600 2808 847 2849 Cantuaria.

253 2877 501 2929 Johannem
524 2877 580 2918 de
606 2878 847 2931 Westgate.

256 2945 478 2986 Thomam
500 2946 555 2987 de
579 2947 712 2987 Bello.
905 2946 1146 2986 monachos
1169 2945 1350 2986 ecclesie
1373 2945 1713 2987 Cantuariensis.

259 3014 501 3055 Henricum
525 3015 581 3056 de
604 3016 738 3056 Bello.
765 3051 767 3057 .

254 3083 502 3135 Johannem
526 3084 581 3125 de
604 3084 846 3126 Londonia.

256 3151 504 3203 Johannem
528 3152 583 3193 de
606 3153 704 3207 Wy.
