2023 3453
209 199 231 229 2
243 200 265 230 2
275 187 301 230 8
607 184 896 246 Regz'slrum
919 182 1176 248 johannis
1211 182 1424 229 Pecham
1592 179 1714 244 1[Ap.
1745 197 1760 227 1
1775 197 1797 227 2
1807 182 1833 226 8
1842 194 1865 241 5

325 344 572 384 VVillelmus
594 343 649 383 de
675 343 881 391 Dovoria‚
904 341 958 382 ad
983 341 1161 381 titulum
1186 340 1439 393 patrimonii
1462 340 1638 393 proprii.

325 413 577 466 Stephanus
610 412 664 452 de
704 412 852 459 Smne,
885 410 939 450 ad
978 410 1154 450 titulum
1189 410 1426 462 proprium,
1457 416 1500 449 et
1532 409 1587 449 ad
1620 410 1797 449 titulum
1830 417 1873 449 et

210 483 583 535 presentationem
619 481 772 534 prioris
798 487 842 520 et
864 486 1108 519 conventus
1133 479 1284 520 Sancti
1309 478 1508 531 Gregorii
1533 478 1873 519 Cantuariensis.

325 552 547 592 Gilbertus
598 551 653 590 de
707 548 917 598 Boxford,
971 548 1280 601 Norwycensis
1341 547 1527 587 diocesis
1580 561 1656 600 per
1707 547 1874 588 litteras

209 620 490 668 dimissorias,
524 626 567 659 et
604 618 658 658 ad
697 618 873 658 titulum
913 617 1165 670 patrimonii
1209 617 1382 670 proprii.

330 689 405 729 Isti
439 687 724 741 precedentes
746 693 935 739 quatuor
965 685 1140 726 fuerunt
1173 686 1334 738 recepti
1370 699 1444 738 per
1476 685 1706 725 dominum
1739 686 1877 725 archi-

210 759 478 811 episcopum.

328 827 587 866 Dunstanus
610 825 665 865 de
690 825 856 866 Sancto
881 824 1085 864 Martino.

330 895 576 935 Willelmus
598 894 653 934 de
678 894 957 946 Kyngeston,
980 893 1034 932 ad
1061 892 1387 945 patrimonium.

327 963 576 1003 Willelmus
620 962 830 1015 Bmgeys,
872 961 927 1001 ad
970 961 1147 1001 titulum
1192 960 1266 1012 xvj
1311 974 1509 1000 acrarum
1552 966 1676 1008 terre,
1718 966 1761 1000 et
1803 974 1879 1013 per

211 1033 461 1086 Johannem
489 1031 610 1080 Holt‚
634 1030 883 1079 Cantuarie,
906 1036 1194 1083 presentatus

330 1100 577 1141 VVillelmus
599 1100 655 1140 de
679 1099 934 1152 Davynton.

330 1170 577 1210 Willelmus
602 1168 829 1216 Bredican,
851 1168 905 1208 ad
931 1167 1107 1208 titulum
1132 1166 1384 1219 patrimonii
1408 1167 1581 1219 proprii.

329 1238 590 1279 Alexander
612 1238 760 1279 Cissor
781 1238 836 1278 de
860 1237 1109 1284 Cantuaria,
1131 1235 1186 1275 ad
1210 1235 1386 1275 titulum
1418 1236 1640 1288 proprium
1665 1235 1880 1276 sufficien-

212 1316 313 1349 tem.

332 1377 408 1417 Isti
451 1383 537 1416 tres
581 1375 868 1429 precedentes
911 1374 1084 1414 fuerunt
1122 1373 1360 1426 presentati
1404 1386 1480 1425 per
1522 1372 1879 1412 archidiaconum

214 1447 589 1487 Cantuariensem.

938 1513 1168 1553 DIACONI.

330 1609 550 1649 walterus
601 1608 656 1648 de
701 1607 981 1661 Maydestan,
1023 1606 1077 1646 ad
1125 1604 1303 1645 titulum

214 1679 465 1733 patrimonii
490 1684 537 1718 ut
561 1677 677 1717 alias.

330 1748 478 1788 Adam
513 1747 567 1786 de
604 1747 769 1788 Sancto
803 1745 993 1793 Albano,
1029 1758 1105 1797 per
1138 1743 1306 1783 litteras
1369 1740 1532 1792 recepti
1556 1753 1632 1792 per
1653 1740 1882 1780 dominum

213 1818 482 1858 dimissorias
534 1816 708 1856 abbatis
760 1814 973 1867 ejusdem,
1020 1813 1074 1853 ad
1128 1812 1304 1853 titulum
1427 1809 1816 1862 archiepiscopum.

213 1887 386 1927 abbatis
420 1885 632 1938 ejusdem,
666 1885 773 1924 alias
808 1883 863 1923 ad
901 1883 1091 1923 eundem
1127 1882 1304 1922 titulum

213 1956 451 1995 ordinatus,

329 2025 553 2076 Johannes
590 2023 645 2063 de
687 2021 925 2075 Wytefeld‚
962 2020 1017 2060 de
1050 2019 1185 2059 domo
1223 2019 1305 2058 Dei

216 2093 418 2133 Dovorie.

331 2161 571 2201 Nicholaus
642 2160 822 2199 clericus
892 2159 947 2198 de
1020 2157 1154 2197 domo
1223 2157 1305 2196 Dei

215 2231 418 2271 Dovorie.

328 2300 554 2353 Johannes
576 2297 631 2338 de
656 2298 836 2350 Bregge.

329 2368 526 2408 Thomas
547 2366 700 2407 Picard
719 2367 773 2406 de
789 2366 1032 2418 VVestgate,
1050 2364 1104 2404 ad
1129 2364 1305 2405 titulum

214 2438 438 2491 proprium
501 2436 556 2476 de
617 2449 704 2488 quo
767 2449 812 2474 se
874 2435 984 2474 bene
1048 2440 1306 2474 contentum
1371 2446 1446 2485 per
1496 2432 1854 2471 archidiaconum

214 2507 443 2559 reputavit.
1427 2501 1600 2554 recepti.

332 2575 594 2614 Lambertus
645 2573 700 2612 de
744 2572 980 2621 Wodeton,
1021 2572 1076 2612 ad
1129 2572 1304 2612 titulum

215 2644 368 2696 prioris
394 2642 641 2696 Hospitalis
663 2641 907 2694 Jerusalem
933 2642 974 2680 in
1000 2640 1175 2692 Anglia.

331 2711 616 2764 Reginaldus,
653 2710 766 2749 filius
811 2710 990 2749 Martini
1033 2710 1088 2749 de
1131 2709 1307 2756 Sutton‚

213 2781 267 2821 ad
293 2781 468 2822 titulum
492 2780 672 2820 domine
693 2778 898 2831 Johanne
920 2777 974 2817 de
998 2778 1221 2818 Valencia.

330 2849 527 2889 Thomas
562 2848 617 2888 de
656 2848 823 2899 Magna
856 2846 1002 2895 Chert‚
1036 2847 1090 2887 ad
1129 2847 1304 2887 titulum

214 2918 465 2971 patrimonii
489 2917 662 2970 proprii.

894 3002 1203 3041 PRESBITERI.

336 3093 548 3145 Magister
615 3092 815 3143 Rogerus
878 3090 934 3130 de
1001 3085 1511 3143 Saxinghurstsrecepti
1550 3101 1626 3140 per
1655 3086 1883 3126 dominum

218 3161 556 3201 archidiaconus
581 3159 920 3212 Leycestrensis.
1327 3093 1344 3204 i
1407 3156 1797 3210 archiepiscopum.
