2023 3453
182 172 275 219 204
615 155 903 223 Regz'strum
917 154 1169 224 joliannis
1196 155 1410 207 Peclzam
1570 162 1688 224 [Ap.
1727 159 1846 221 1283

855 313 1180 354 SUBDIACONI.

299 394 517 433 Henricus
557 394 666 442 Mot,
700 392 755 432 ad
791 392 967 432 titulum
1011 392 1277 444 patrimonii,
1312 400 1359 433 ut
1393 392 1625 433 affidenter
1662 400 1849 434 testatur

178 463 296 516 quod
320 463 453 503 habet
475 463 711 515 sexaginta
733 461 946 501 solidatos
969 467 1012 501 et
1035 461 1223 514 amplius
1251 461 1448 502 redditus
1482 462 1592 502 infra
1626 462 1850 503 libertates

178 531 346 571 domini
371 532 413 571 in
437 532 647 571 suburbio
670 531 919 572 Cantuarie.

296 601 537 640 Nicholaus
560 600 615 640 de
640 599 901 652 Northgate,
924 599 978 639 ad
1003 600 1180 639 titulum
1206 600 1358 641 Sancti
1383 600 1623 653 Sepulchri.

297 669 511 721 Magister
533 668 782 708 Willelmus
805 667 860 707 de
882 667 923 707 la
946 668 1071 708 Gare.

295 738 495 790 Rogerus
517 737 573 777 de
596 736 847 777 Cantuaria.

295 805 569 858 Radulphus,
592 811 733 846 rector
761 805 944 846 ecclesie
973 805 1028 845 de
1058 805 1217 845 Isefeld
1248 805 1490 846 decanatus
1515 806 1850 859 Suthmallyng-

177 874 304 914 ensis.

293 942 491 983 Thomas
513 942 568 983 de
591 943 738 992 Chert,
761 943 816 983 ad
840 943 1016 983 titulum
1042 943 1295 996 patrimonii
1319 944 1395 984 sui.

293 1012 519 1061 Salomon,
553 1012 685 1052 frater
729 1012 924 1065 Hospitii
963 1012 1254 1054 Sacerdotum
1291 1013 1540 1062 Cantuarie‚
1575 1013 1630 1053 ad
1673 1013 1850 1053 titulum

176 1081 346 1121 domus.

291 1150 518 1203 Johannes
542 1150 685 1192 Sirild.

292 1219 547 1273 Stephanus
569 1219 625 1260 de
648 1220 840 1272 Stapele‚
862 1219 918 1260 ad
941 1220 1118 1260 titulum
1143 1220 1395 1273 patrimonii
1418 1220 1483 1260 sui
1507 1219 1809 1261 sufficientem.

293 1288 541 1329 XVillelmus
578 1289 633 1329 de
671 1289 919 1341 Selegrave‚
961 1289 1017 1329 ad
1052 1288 1341 1329 sufficientem
1378 1289 1556 1330 titulum
1598 1289 1849 1342 patrimonii
1878 1289 1880 1291 ’

176 1357 294 1410 apud
318 1358 534 1399 Chilham.

289 1427 516 1479 Johannes
538 1426 593 1467 de
616 1427 870 1476 Chertham,
892 1428 947 1467 ad
971 1427 1347 1480 presentationem
1372 1428 1562 1468 rectoris.

294 1496 592 1549 Reginaldum
616 1495 671 1536 de
695 1496 869 1537 Sutton.

293 1565 542 1605 &Villelmus
565 1564 620 1605 de
646 1565 855 1605 Hetham.

294 1635 494 1688 Rogerus
516 1633 571 1674 de
595 1633 776 1687 Celling.

294 1702 509 1743 Ricardus
533 1702 721 1756 Orenge.

294 1772 514 1812 Robertus
537 1771 592 1812 de
616 1771 881 1813 Stedmerse.

294 1841 515 1882 Robertus
540 1841 634 1881 Rus
657 1841 713 1882 de
736 1841 835 1894 Wy.
1113 1840 1169 1881 de
1191 1855 1377 1894 quorum
1401 1842 1530 1882 titulo
1553 1842 1790 1883 dubitatur.

291 1910 529 1963 Johannes,
552 1910 735 1950 clericus
757 1910 813 1951 de
839 1910 1000 1951 Herne.

292 1979 489 2019 Thomas
531 1979 586 2019 de
630 1979 950 2033 Cylmereston,
988 1979 1043 2019 ad

177 2048 353 2089 titulum
379 2048 645 2101 patrimonii.

903 2159 1100 2200 DIACON
1110 2169 1134 2198 1.

296 2251 431 2304 Hugo
463 2250 518 2291 de
553 2251 870 2300 Burnecestria‚
893 2250 948 2291 ad
981 2251 1158 2291 titulum
1194 2251 1496 2304 religiosarum
1531 2252 1762 2291 mulierum
1795 2251 1850 2291 de

181 2320 446 2368 Davintone‚
469 2320 524 2360 ad
548 2320 667 2372 quod
691 2320 798 2360 alias
821 2320 902 2360 fuit
925 2327 1155 2372 promotus
1182 2320 1237 2360 ad
1265 2320 1462 2360 ordinem
1495 2320 1849 2360 subdiaconatus.

295 2388 450 2430 Simon
474 2388 529 2428 de
555 2388 766 2442 Bocking,
789 2388 844 2428 ad
868 2389 1046 2429 titulum
1071 2390 1324 2442 patrimonii
1348 2390 1423 2430 sui.

295 2457 492 2497 Thomas
515 2456 570 2497 de
594 2458 834 2507 Davinton,
856 2457 911 2497 ad
935 2459 1112 2498 titulum
1137 2459 1395 2498 monialium
1419 2459 1474 2498 de
1499 2458 1762 2498 Davintone.

296 2526 516 2567 Robertus
544 2525 599 2566 de
634 2526 921 2576 Littleburne,
944 2527 999 2567 ad
1033 2527 1211 2567 titulum
1244 2527 1418 2568 abbatis
1450 2533 1493 2567 et
1520 2533 1765 2567 conventus
1794 2527 1849 2567 de

183 2595 465 2648 Langedone.

294 2664 520 2717 Johannes
542 2664 597 2705 de
623 2665 886 2713 Lamburne,
909 2666 964 2706 acl
989 2666 1165 2706 titulum
1190 2666 1441 2719 patrimonii
1464 2665 1529 2704 sui
1554 2678 1687 2718 penes
1710 2665 1849 2705 domi-

182 2746 285 2773 num
310 2732 540 2773 residentis
562 2733 669 2773 alias
692 2733 919 2774 ordinatus
942 2749 1019 2787 per
1041 2734 1270 2775 dominum
1295 2734 1350 2774 ad
1374 2733 1564 2774 eundem
1587 2733 1776 2773 titulum.

297 2801 520 2842 Galfridus
535 2802 590 2843 de
610 2802 911 2855 Nuningeton,
926 2803 979 2843 ad
998 2804 1173 2844 titulum
1194 2803 1444 2856 patrimonii
1464 2803 1529 2842 sui
1548 2801 1848 2842 sufficientem.

296 2870 521 2922 Johannes
558 2870 671 2910 filius
709 2871 922 2919 Nicholai,
954 2871 1086 2912 frater
1120 2871 1278 2911 domus
1315 2871 1396 2911 Dei
1432 2871 1487 2911 cle
1523 2871 1755 2924 Ospringe‚
1793 2869 1847 2910 acl

187 2940 559 2991 presentationem
584 2940 780 2992 magistri
804 2946 848 2980 et
871 2939 1063 2980 fratrum.

296 3008 521 3059 Johannes
547 3008 680 3056 Hore,
703 3009 758 3049 ad
783 3010 1153 3062 presentationem
1178 3009 1344 3049 domini
1368 3009 1403 3061 J
1427 3008 1482 3049 de
1508 3008 1713 3048 Hardres.

301 3077 541 3117 Nicholaus
563 3077 618 3117 de
641 3077 880 3118 Chertham
904 3078 959 3118 ad
983 3078 1356 3131 presentationem
1382 3078 1569 3118 rectoris.

297 3146 522 3197 Johannes
544 3145 599 3187 de
622 3146 839 3196 Chilham‚
861 3147 916 3187 ad
941 3147 1115 3188 titulum
1142 3147 1403 3200 patri-monii.
