2023 3453
137 231 233 262 Ab.
265 232 279 261 1
295 213 409 277 282]
582 213 632 259 Α
642 211 957 275 relu'epz‘scopz‘
982 211 1023 259 C
1022 211 1371 259 antuariensis.
1723 229 1735 258 1
1752 228 1775 273 5
1785 227 1807 273 5

223 371 300 414 [Fo.
318 370 411 414 60b.]

140 440 304 482 [Release
320 440 366 482 os
378 439 537 482 Otsord.]

256 513 470 553 DECANo
522 522 586 552 DE
640 513 893 553 SHORHAM
944 521 1037 552 PRO
1081 521 1309 552 RECTORE
1358 511 1813 561 EJUS1)EM.—Frater

139 581 376 634 Johannes,
404 587 496 630 etc.‚
526 581 696 621 decano
728 582 783 621 de
817 581 1049 630 Shorham,
1078 581 1278 629 salutem,
1308 581 1509 633 gratiam,
1531 586 1575 620 et
1608 580 1812 620 benedic-

139 651 316 690 tionem.
381 649 649 690 Mandamus
691 649 768 689 tibi
812 650 1020 702 quatinus
1063 663 1150 689 non
1193 650 1399 689 obstante
1433 656 1661 702 sequestro
1694 649 1813 702 quod

142 733 280 772 nuper
314 733 390 771 per
423 725 466 759 te
499 718 806 758 mandavimus
842 717 930 758 fieri
967 718 1009 757 in
1047 718 1258 758 fructibus
1290 718 1473 758 ecclesie
1505 717 1560 758 de
1594 718 1814 767 Otteford,

143 788 370 840 permittas
394 787 697 835 Gwaluanum,
714 793 1042 839 procuratorem
1063 788 1240 827 rectoris
1265 788 1399 840 ipsius
1417 787 1613 836 ecclesie,
1632 787 1813 827 liberam

140 856 300 897 habere
352 855 780 895 administrationem
834 855 1053 895 fructuum
1105 855 1359 905 eorundem,
1402 856 1462 895 ita
1503 862 1653 896 tamen
1695 855 1814 908 quod

144 927 337 979 ipsorum
391 925 609 964 fructuum
663 924 808 964 media
860 938 960 976 pars
1002 924 1083 963 sub
1126 925 1311 977 pristino
1363 932 1590 977 sequestro
1639 932 1816 964 maneat

143 994 408 1048 pauperibus
431 993 636 1046 parochie
658 999 701 1032 et
724 993 820 1041 alia,
843 993 955 1032 sicut
984 992 1197 1045 expedire
1219 993 1469 1042 viderimus,
1494 993 1657 1033 ibidem
1687 1000 1816 1046 prout

143 1062 402 1102 canonicum
438 1061 565 1101 fuerit
597 1060 875 1114 assignanda.
938 1061 1061 1101 Vale.
1126 1061 1293 1101 Datum
1317 1061 1435 1114 apud
1470 1061 1701 1115 Slyndone
1724 1062 1818 1101 xiiii

145 1131 226 1171 kal.
249 1131 381 1183 Junii‚
402 1129 743 1170 consecrationis
767 1136 914 1170 nostre
937 1143 1055 1169 anno
1078 1136 1246 1182 quarto.

144 1236 429 1281 [Seque-§tration
445 1237 491 1279 os
499 1235 657 1279 lsfield]

262 1305 603 1354 SEQUESTRUM
652 1313 929 1345 FRUCTUUM
980 1313 1214 1345 ECCLESIE
1260 1314 1324 1344 DE
1378 1305 1818 1345 [swan—Frater

144 1375 382 1427 Johannes,
414 1379 506 1422 etc,
537 1372 707 1413 decano
739 1372 793 1413 de
826 1373 1154 1426 Suthmallinge
1187 1373 1387 1422 salutem,
1409 1379 1489 1413 etc.
1554 1374 1820 1414 Discretioni

145 1449 287 1483 vestre
331 1442 652 1482 committimus
694 1448 737 1482 et
780 1441 1044 1481 mandamus
1086 1442 1294 1494 quatinus
1337 1442 1503 1482 fructus
1545 1442 1726 1482 ecclesie
1767 1441 1823 1482 de

150 1511 307 1552 Isefeld
341 1511 635 1563 sequestretis,
657 1517 701 1550 et
733 1510 814 1550 sub
837 1516 958 1550 arcto
992 1510 1162 1550 faciatis
1189 1516 1418 1563 sequestro
1451 1512 1588 1551 teneri
1622 1512 1735 1551 sicut
1767 1511 1823 1551 de

147 1595 199 1621 eo
233 1580 359 1621 nobis
394 1579 658 1633 respondere
682 1579 916 1629 volueritis,
949 1579 1089 1620 donec
1125 1594 1150 1619 a
1187 1580 1313 1620 nobis
1346 1580 1463 1620 aliud
1498 1581 1747 1634 receperitis
1780 1580 1822 1620 in

146 1649 379 1698 mandatis,
411 1649 680 1702 inquirentes
711 1648 946 1702 diligenter
977 1649 1164 1702 qualiter
1195 1655 1238 1689 et
1272 1663 1348 1702 per
1369 1663 1501 1702 quem
1531 1656 1821 1702 sequestrum,

149 1719 267 1772 quod
302 1732 440 1771 nuper
471 1718 513 1758 in
537 1718 693 1758 eadem
716 1718 900 1758 ecclesia
932 1718 1022 1758 fieri
1057 1718 1378 1767 mandavimus,
1401 1719 1529 1759 fuerit
1562 1719 1825 1768 relaxatum,

148 1795 192 1828 et
224 1788 279 1828 de
311 1787 393 1827 hoc
416 1801 496 1827 nos
519 1787 677 1827 curetis
711 1786 893 1826 reddere
915 1787 1131 1827 certiores.
1195 1787 1352 1828 Citetis
1381 1788 1515 1827 etiam
1539 1787 1825 1827 nihilominus

151 1857 444 1910 peremptorie
477 1857 519 1896 in
553 1856 694 1895 forma
716 1856 928 1895 canonica
952 1862 1165 1896 rectorem
1189 1856 1372 1896 ecclesie
1404 1856 1612 1909 predicte,
1634 1862 1682 1896 ut
1715 1856 1827 1895 infra

149 1932 325 1978 tempus
348 1939 372 1965 a
401 1925 497 1978 jure
520 1932 735 1965 statutum
759 1925 905 1965 veniat
939 1925 1132 1965 facturus
1155 1925 1438 1965 residentiam
1473 1925 1761 1978 personalem,
1783 1931 1827 1964 et

151 2001 405 2048 compareat
427 2008 575 2034 coram
599 1994 725 2034 nobis
748 2008 879 2047 super
900 1994 982 2033 sibi
1015 1993 1276 2046 objiciendis
1310 2008 1609 2047 responsurus,
1633 1994 1826 2034 facturus

151 2070 194 2104 et
217 2071 470 2116 recepturus
488 2064 606 2116 quod
627 2063 798 2115 justitia
820 2062 1035 2112 suadebit,
1053 2063 1247 2116 alioquin
1271 2070 1424 2103 contra
1446 2077 1546 2103 eum
1567 2063 1827 2116 procedetur

152 2139 281 2186 prout
314 2132 370 2172 de
400 2133 497 2185 jure
531 2132 659 2172 fuerit
693 2131 1034 2185 procedendum.
1098 2132 1218 2185 Quid
1252 2138 1400 2172 autem
1435 2132 1622 2172 feceritis
1655 2133 1698 2172 in
1732 2146 1827 2185 pre-

154 2202 296 2241 missis
338 2202 464 2241 nobis
507 2202 618 2241 infra
660 2216 721 2242 xv
758 2201 850 2241 dies
885 2215 910 2241 a
945 2201 1196 2252 receptione
1238 2201 1508 2254 presentium
1551 2215 1628 2254 per
1660 2207 1827 2241 vestras

154 2277 356 2324 patentes
380 2271 547 2311 litteras
566 2270 753 2311 fideliter
771 2270 1028 2311 rescribatis.
1081 2270 1251 2310 Valete.
1307 2271 1475 2311 Datum
1501 2270 1828 2323 Suthmallinge

154 2340 236 2380 kal.
259 2340 362 2393 Julii
385 2340 728 2380 consecrationis
750 2346 898 2380 nostre
921 2353 1038 2379 anno
1062 2339 1120 2378 iiii
1145 2339 1321 2379 scilicet.

156 2445 443 2488 [Se-questrata'on
459 2444 505 2487 of
514 2444 712 2487 Redgrave
728 2444 807 2476 aad
826 2444 961 2487 lx'z'sby]

271 2513 611 2561 SEQUESTRUM
647 2521 924 2552 FRUCTUUM
965 2520 1311 2552 ECCLESIARUM
1352 2522 1415 2552 DE
1450 2513 1729 2551 RADGRAVE
1764 2520 1825 2551 ET

158 2581 580 2622 RYSEBY.—Frater
611 2581 849 2633 Johannes,
871 2587 964 2629 etc.,
986 2580 1149 2620 dilecto
1181 2580 1270 2620 filio
1302 2581 1612 2620 archidiacono
1646 2580 1830 2628 Subirie,

157 2650 356 2699 salutem,
385 2651 585 2702 gratiam,
615 2656 658 2690 et
690 2650 1057 2690 benedictionem.
1122 2649 1409 2701 Sequestrum
1444 2664 1520 2702 per
1552 2663 1631 2689 nos
1663 2648 1828 2689 factum

157 2719 198 2759 in
233 2718 444 2758 fructibus
476 2718 758 2759 ecclesiarum
792 2718 847 2758 de
882 2718 1117 2771 Radgrave
1149 2724 1193 2758 et
1228 2718 1410 2771 Ryseby
1434 2718 1557 2758 vobis
1580 2717 1830 2757 custodien-

159 2788 264 2828 dum
288 2787 607 2827 committimus
630 2801 707 2840 per
729 2793 965 2840 presentes,
990 2793 1036 2826 ut
1059 2787 1190 2826 salvis
1213 2787 1422 2839 expensis
1446 2786 1699 2826 necessariis
1722 2800 1831 2838 quas

162 2855 450 2896 Edmundum
493 2855 549 2895 de
594 2856 679 2905 Ho,
714 2862 926 2896 rectorem
970 2855 1187 2895 dictarum
1230 2855 1525 2903 ecclesiarum,
1562 2868 1638 2907 per
1676 2868 1831 2894 manus

161 2931 328 2965 vestras
360 2923 521 2963 habere
554 2924 755 2964 volumus
788 2924 843 2964 de
875 2923 1054 2973 eisdem,
1077 2924 1132 2963 ad
1169 2924 1521 2976 prosecutionem
1560 2923 1647 2963 litis
1681 2937 1757 2963 sue
1790 2923 1832 2962 in

162 2993 281 3034 curia
304 2999 453 3032 nostra
476 2992 782 3033 Cantuariensi
810 3006 941 3045 super
963 2992 1156 3032 ecclesiis
1191 2993 1457 3042 memoratis,
1480 2993 1622 3044 ipsum
1656 3005 1831 3044 seques-

163 3068 277 3101 trum
331 3060 516 3100 fideliter
568 3061 827 3102 custodiatis
880 3062 1059 3101 nomine
1112 3067 1274 3109 nostrO,
1312 3061 1423 3100 sicut
1468 3061 1570 3100 inde
1616 3060 1837 3100 volueritis

163 3128 439 3181 respondere,
461 3129 602 3169 donec
634 3143 659 3169 a
692 3130 818 3169 nobis
851 3130 969 3169 aliud
1004 3129 1252 3181 receperitis
1290 3130 1332 3168 in
1368 3129 1598 3169 mandatis.
1667 3129 1837 3169 Valet-e.

163 3199 329 3237 Datum
353 3197 470 3250 apud
495 3197 737 3250 Cherringe
760 3198 787 3250 ij
813 3198 867 3238 id.
889 3199 993 3251 Julii
1017 3198 1359 3238 consecrationis
1382 3211 1498 3237 anno
1521 3205 1687 3250 quarto.
