2023 3453
145 166 167 195 2
178 165 239 210 50
576 150 866 214 Regz'strum
879 150 928 214 J
927 149 1131 197 ohannis
1157 149 1372 196 Peclmm
1532 148 1650 212 [A.D.
1688 166 1701 195 1
1717 150 1807 209 287

260 309 481 349 Dominus
504 309 653 349 Adam
679 310 812 361 Peyn,
836 308 1123 349 Cicestrensis
1146 308 1394 347 canonicus.

260 378 466 418 Waterus
498 378 553 418 de
586 378 817 430 Westgate
850 377 892 416 in
927 376 1178 425 Cantuaria‚
1210 376 1264 416 ad
1302 376 1479 416 titulum
1513 382 1556 416 et
1590 383 1811 429 presenta-

143 448 309 487 tionem
334 447 488 499 prioris
510 453 554 486 et
576 452 819 486 conventus
844 445 995 486 Sancti
1021 445 1218 497 Gregorii
1244 445 1490 486 Cantuarie.

262 515 511 556 willelmus
535 516 653 567 Grey
676 513 731 554 de
754 514 938 566 Wenge,
961 513 1016 553 ad
1051 513 1229 553 titulum
1264 514 1517 566 patrimonii
1551 514 1628 562 sui,
1651 520 1694 553 et
1718 528 1811 566 pre-

144 585 438 625 sentationem
463 583 672 637 prepositi
696 582 906 634 ejusdem.

262 653 526 706 Radulphus
567 652 623 692 de
666 651 995 700 VVestburtone,
1034 651 1089 690 ad
1132 651 1309 691 titulum
1352 658 1396 692 et
1438 651 1812 704 presentationem

144 722 311 763 domini
337 721 561 774 Radulphi
585 720 770 773 Cheiny,
793 720 971 760 rectoris
993 720 1174 760 ecclesie
1196 719 1251 760 de
1277 719 1525 760 Adburton.

261 790 511 830 Willelmus
533 796 576 829 et
600 788 822 829 Walterus
845 788 900 829 de
923 802 1024 828 coro
1048 788 1350 841 Cycestrensis
1372 788 1564 829 ecclesie.

261 859 510 899 Willelmus
532 858 588 898 de
610 858 849 898 Tortriton.

262 928 459 968 Thomas
481 934 525 968 et
550 927 783 976 Robertus‚
806 927 1004 967 canonici
1032 926 1305 967 Durefordie.

264 996 506 1037 Nicholaus
530 996 688 1037 Cissor.

263 1066 486 1106 Dominus
511 1064 805 1105 Walerandus
831 1065 1024 1118 Maufey.

261 1135 488 1188 Johannes
511 1134 566 1174 de
590 1134 735 1176 Sand’.

261 1204 488 1256 Johannes
511 1202 566 1243 de
591 1204 891 1256 Bissopeston.

265 1273 515 1313 Willelmus
537 1272 593 1312 de
617 1273 771 1312 Fonte.

265 1341 539 1396 Reginaldus
563 1341 619 1382 de
643 1341 954 1394 Suthmalling.

830 1457 1139 1496 PRESBITERI.

265 1537 421 1579 Simon
444 1535 499 1576 de
525 1536 823 1589 Bissopeston.

266 1605 530 1659 Radulphus
553 1605 609 1645 de
632 1605 935 1645 Westburton.

264 1675 492 1727 Johannes
515 1673 570 1714 de
594 1674 864 1714 Bursthowe.

264 1744 490 1797 Johannes
524 1744 579 1784 de
613 1744 653 1784 la
686 1743 833 1793 Hulle,
868 1744 1191 1784 Lincolniensis
1224 1744 1423 1793 diocesis,
1455 1758 1530 1797 per
1561 1744 1822 1793 dimissoria,

148 1814 204 1854 ad
235 1813 412 1854 titulum
444 1814 697 1867 patrimonii
728 1814 793 1853 sui
826 1814 1022 1866 quinque
1055 1827 1314 1863 marcarum,
1341 1813 1396 1854 de
1426 1828 1513 1866 quo
1543 1820 1717 1854 constat
1747 1827 1824 1867 per

149 1883 316 1923 litteras
339 1883 507 1923 domini
531 1882 727 1936 episcopi
753 1882 1086 1923 Lincolniensis.

264 1952 491 2004 Johannes
514 1951 569 1992 de
593 1951 885 2000 Crokheston,
910 1951 1222 2004 Norwycensis
1245 1951 1443 2001 diocesis,
1466 1966 1543 2004 per
1564 1951 1824 2000 dimissoria,

149 2021 204 2062 ad
238 2021 414 2061 titulum
449 2027 659 2074 perpetue
681 2020 877 2061 cantarie
904 2021 1072 2074 capelle
1102 2020 1157 2061 de
1181 2021 1457 2061 Wadenhale
1486 2021 1618 2074 precii
1646 2027 1823 2061 centum

150 2090 403 2131 solidorum.

268 2160 489 2200 Robertus
531 2159 586 2200 de
629 2160 924 2209 Bradenham,
958 2160 1267 2213 Norwycensis
1309 2160 1508 2209 diocesis,
1541 2174 1617 2213 per
1658 2160 1824 2199 litteras

150 2229 432 2278 dimissorias,
454 2228 510 2269 ad
538 2229 715 2269 titulum
745 2229 999 2281 patrimonii
1026 2229 1104 2279 sui,
1127 2229 1182 2270 de
1208 2243 1296 2282 quo
1323 2244 1369 2270 se
1392 2229 1504 2269 bene
1528 2229 1760 2282 reputavit,
1781 2234 1826 2268 et

151 2300 194 2339 in
218 2299 342 2351 cujus
365 2299 643 2352 possessione
665 2298 841 2338 existet.

271 2368 532 2408 Alexander
572 2367 783 2417 Overton,
818 2367 1088 2407 Exoniensis
1126 2368 1325 2417 diocesis,
1365 2382 1441 2421 per
1478 2367 1738 2415 dimissoria,
1770 2366 1825 2407 ad

151 2437 329 2478 titulum
354 2437 551 2490 magistri
574 2443 619 2476 et
642 2437 824 2476 fratrum
852 2437 976 2476 Beati
1000 2436 1174 2477 Thome
1200 2437 1410 2490 Martyris
1434 2437 1474 2476 in
1501 2435 1746 2478 Suthwerk.

270 2506 391 2547 Elias
433 2506 489 2547 de
527 2505 747 2554 Blockele,
782 2505 1104 2558 Wygornensis
1142 2506 1341 2555 diocesis,
1370 2520 1446 2558 per
1478 2505 1737 2554 dimissoria,
1770 2504 1825 2545 ad

152 2577 329 2617 titulum
371 2582 416 2616 et
458 2575 832 2628 presentationem
877 2575 1031 2627 prioris
1065 2581 1108 2615 et
1151 2581 1394 2615 conventus
1439 2575 1590 2616 Sancti
1627 2574 1826 2627 Gregorii

153 2645 401 2687 Cantuarie.

270 2713 531 2754 Alexander
553 2712 701 2753 Cissor
723 2711 779 2752 de
801 2712 1053 2761 Cantuaria,
1077 2712 1131 2752 ad
1159 2712 1336 2753 titulum
1361 2713 1585 2765 proprium
1610 2711 1826 2752 sufficien-

153 2791 242 2824 tem
267 2781 519 2836 patrimonii
542 2782 607 2821 sui
631 2782 673 2820 in
697 2780 821 2833 cujus
846 2782 1123 2833 possessione
1144 2789 1223 2831 est,
1238 2781 1344 2821 alias
1368 2781 1423 2822 ad
1446 2781 1824 2822 examinationem

153 2860 197 2894 et
220 2852 593 2906 presentationem
617 2849 914 2890 archidiaconi
939 2850 1177 2891 Cantuarie
1200 2850 1438 2891 ordinatus.

272 2921 520 2961 Willelmus
561 2920 705 2960 dictus
748 2919 910 2961 Calvus
952 2919 1007 2960 de
1047 2920 1429 2973 Wyvelingeham,
1466 2919 1520 2959 ad
1564 2918 1741 2959 titulum
1783 2924 1827 2958 et

155 2990 529 3043 presentationem
554 2989 886 3029 Cantuariensis
910 2995 957 3028 ut
980 2988 1097 3028 alias.

273 3059 499 3111 Philippus
522 3058 577 3098 de
602 3058 853 3110 Kingeston
874 3057 1006 3109 juxta
1030 3058 1231 3107 Sorham,
1254 3058 1308 3098 ad
1333 3057 1624 3098 sufficientem
1650 3056 1826 3096 titulum

156 3128 408 3181 patrimonii
432 3128 507 3167 sui.
