2023 3453
173 161 260 218 198
590 158 879 221 Regz'strum
901 158 1158 222 johannis
1194 157 1407 204 Pecham
1559 154 1677 220 [Ab.
1710 159 1797 202 128
1805 172 1830 216 3

169 317 331 370 Anglie
358 317 532 369 primas,
556 316 741 356 salutem
767 316 809 354 in
841 315 1035 354 Domino
1062 315 1388 366 sempiternam.
1454 314 1636 354 Noverit
1663 315 1833 355 univer-

167 387 272 426 sitas
314 392 458 426 vestra
500 384 617 437 quod
668 385 709 423 in
755 391 903 423 nostra
956 383 1175 435 presentia
1218 383 1506 436 personaliter
1556 383 1833 431 constitutus,

166 455 351 495 dilectus
384 454 496 494 filius
519 453 724 493 dominus
757 452 982 504 Johannes
1014 451 1069 491 de
1095 451 1322 504 Kyrkeby,
1353 451 1686 491 archidiaconus
1719 451 1834 492 Con-

167 524 421 571 ventrensis‚
455 522 639 562 sollicite
674 521 923 574 ponderans
961 521 1177 560 sarcinam
1222 521 1390 561 ratione
1432 521 1562 561 officii
1605 521 1834 573 sciensque

166 594 376 646 scriptum
400 606 495 632 esse
519 597 700 631 vocatur
731 620 1022 630 ........
1057 604 1166 635 sano
1188 597 1232 630 et
1265 590 1449 643 provido
1471 590 1629 630 ductus
1652 589 1834 630 consilio

167 661 338 715 publice
362 660 593 707 fatebatur,
615 658 732 711 quod
760 658 963 698 electioni
987 658 1042 698 de
1064 674 1110 698 se
1143 658 1257 699 facte
1289 673 1366 712 per
1388 659 1614 712 religiosos
1637 659 1764 707 viros,
1787 691 1794 698 .
1827 691 1833 697 .

166 731 353 783 priorem
383 735 426 769 et
460 733 726 767 conventum
756 726 1024 775 Roffensmn,
1048 728 1090 766 in
1127 727 1328 779 ejusdem
1363 728 1546 768 ecclesie
1575 728 1832 781 episcopum

164 806 207 839 et
230 805 465 852 pastorem,
488 804 593 837 tunc
615 797 827 849 temporis
855 797 1103 837 consentire
1127 797 1317 845 nolebat,
1340 797 1416 837 sed
1450 797 1592 837 eidem
1624 803 1668 837 et
1687 796 1772 849 juri
1799 797 1833 836 si

164 867 282 920 quod
306 867 386 907 sibi
408 880 466 906 ex
489 866 584 919 ipsa
605 865 820 905 electione
843 869 1127 918 competebat
1145 865 1211 906 vel
1235 873 1488 919 competere
1510 866 1654 919 potuit
1677 879 1833 906 renun-

164 936 305 985 ciavit,
321 949 427 988 pure
450 941 607 987 sponte
630 934 887 986 simpliciter
905 940 948 974 et
966 948 1186 987 expresse.
1238 935 1288 974 In
1312 934 1435 987 cujus
1452 934 1510 974 rei
1529 934 1832 974 testimonium

165 1011 388 1058 presentes
411 1003 578 1043 litteras
601 1002 730 1056 sigilli
754 1003 889 1043 nostri
914 1002 1096 1043 fecimus
1120 1004 1409 1056 impressione
1432 1003 1602 1043 muniri.
1667 1002 1831 1043 Actum

163 1073 281 1127 apud
318 1072 587 1113 Michelham
624 1071 698 1123 xvj
737 1071 819 1112 kal.
854 1071 970 1124 Julii,
1012 1086 1129 1112 anno
1169 1072 1351 1112 Domini
1395 1075 1523 1112 m⁰cc⁰
1559 1072 1833 1124 octogesimo

163 1143 304 1191 tertio,
326 1141 617 1182 ordinationis
641 1147 789 1181 nostre
811 1141 976 1193 quinto.

278 1269 293 1323 [
310 1268 540 1310 Vz‘sz'tczlz'on
563 1268 768 1319 ofBattle
780 1268 926 1320 Abbey
940 1271 1080 1318 (noles
1100 1283 1151 1308 072
1169 1268 1238 1308 the
1259 1269 1380 1308 dorse
1396 1269 1449 1319 (ff
1457 1268 1524 1308 tlte
1532 1267 1833 1321 foregoing):]

279 1349 445 1390 Abbas.

280 1419 411 1459 Prior.

278 1487 502 1541 Supprior.
567 1486 736 1527 Omnes
767 1487 956 1527 multum
977 1487 1137 1540 jurant.

279 1558 432 1597 Frater
457 1556 627 1596 Paulus.

276 1627 450 1668 Cantor.
475 1625 667 1665 officium
691 1626 1008 1666 abbreviatum.

276 1697 428 1736 Frater
488 1695 702 1736 Ricardus
759 1695 815 1735 cle
870 1696 1231 1749 Lullyngestone.
1318 1695 1659 1736 Memorandum
1713 1695 1831 1748 quod

160 1767 276 1819 prior
307 1773 373 1806 est
406 1765 535 1805 nimis
568 1764 724 1804 debilis
757 1771 800 1804 et
833 1766 1036 1817 supprior
1070 1764 1338 1805 insufficiens
1371 1779 1449 1818 pro
1482 1764 1832 1804 confessionibus

159 1835 400 1876 audiendis.

278 1904 619 1945 Memorandum
650 1903 705 1943 de
738 1904 880 1956 priore
917 1904 972 1943 de
1002 1904 1241 1957 ssrekynok
1277 1905 1349 1956 qui
1383 1911 1559 1944 amotus
1588 1903 1717 1943 fuerit
1755 1918 1833 1956 pro

160 1973 493 2021 incontinentia,
515 1979 560 2012 et
584 1985 700 2012 nunc
726 1973 933 2012 remissus
955 1980 1021 2012 est
1046 1987 1123 2025 per
1144 1972 1353 2012 abbatem
1378 1980 1424 2013 ut
1447 1973 1503 2013 sit
1526 1974 1652 2025 prior.

279 2043 402 2083 Idem
438 2042 555 2095 prior
583 2041 638 2081 de
674 2041 880 2081 Breknok
911 2041 1018 2081 dicit
1053 2042 1159 2081 talia
1188 2042 1322 2082 verba
1351 2042 1385 2081 si
1421 2042 1557 2082 abbas
1586 2050 1664 2091 est,
1691 2042 1832 2082 fidelis

161 2114 293 2152 homo
326 2111 494 2152 tenebit
528 2110 633 2150 mihi
667 2117 858 2163 pactum.

275 2181 501 2233 Johannes
533 2180 588 2219 de
617 2179 939 2232 VVhatlington,
963 2180 1216 2232 capellanus
1249 2180 1422 2220 abbatis
1455 2186 1520 2220 est
1554 2179 1832 2228 insufficiens,

161 2258 203 2291 et
237 2250 428 2291 creditur
460 2249 596 2289 teneri
641 2263 718 2301 per
759 2249 967 2289 abbatem
1006 2250 1109 2301 quia
1149 2249 1261 2301 juvit
1293 2263 1393 2289 eum
1425 2250 1467 2289 in
1502 2250 1717 2290 electione
1754 2264 1832 2289 sua

161 2327 203 2360 et
226 2319 363 2360 abbas
386 2318 517 2358 nimis
540 2318 742 2358 innititur
763 2318 947 2357 consilio
971 2318 1095 2358 illius.

278 2388 433 2428 Abbas
451 2388 622 2440 accepit
639 2387 911 2427 diversorum
937 2388 1255 2428 monachorum
1279 2401 1366 2427 non
1386 2387 1590 2427 omnibus
1608 2387 1830 2428 consultis.

166 2458 412 2498 Monachus
435 2456 701 2497 senescallus
723 2464 790 2497 est
813 2457 942 2496 nimis
971 2457 1105 2497 durus
1136 2458 1403 2510 pauperibus
1430 2456 1695 2504 tenentibus¹
1717 2463 1761 2496 et
1789 2456 1831 2495 in

162 2528 399 2568 exactione
420 2525 671 2566 debitorum
696 2540 827 2579 supra
850 2527 960 2566 vires
984 2526 1291 2579 obligatorum.

280 2595 478 2647 Gedring
495 2593 548 2647 [?]
571 2595 837 2635 subsacrista
859 2596 989 2635 nimis
1013 2596 1259 2648 impetuose
1281 2595 1491 2648 opprimit
1513 2595 1601 2634 suis
1619 2594 1673 2647 [?]
1691 2594 1832 2634 verbis

162 2673 206 2706 et
244 2664 516 2705 inordinatas
553 2664 750 2717 sequitur
787 2664 1116 2705 familiaritates.
1190 2664 1367 2706 Scilicet
1402 2663 1519 2703 verbi
1557 2663 1698 2716 gratia
1731 2677 1830 2703 cum

165 2736 293 2775 fratre
337 2735 513 2786 Rogero
554 2733 609 2773 de
654 2733 842 2781 Exonia,
877 2747 976 2773 cum
1011 2747 1099 2786 quo
1138 2733 1275 2785 jacuit
1317 2733 1358 2772 in
1398 2732 1552 2773 eodem
1598 2732 1708 2772 lecte
1751 2732 1831 2772 fre-

163 2810 349 2857 quenter
370 2809 413 2843 et
436 2801 704 2842 simulabant
727 2816 773 2841 se
796 2801 1003 2851 infirmos,
1025 2809 1068 2843 et
1092 2802 1220 2842 simul
1245 2801 1502 2841 minuebant
1525 2801 1617 2841 sibi.

281 2872 339 2912 Et
362 2871 477 2912 idem
497 2870 630 2911 modo
654 2871 806 2910 nititur
828 2871 887 2910 ita
910 2870 1083 2910 allicere
1101 2870 1278 2910 fratrem
1293 2869 1543 2922 Johannem
1568 2869 1623 2910 de
1641 2870 1830 2910 Marisco

161 2949 203 2982 et
227 2942 334 2982 alios
353 2940 549 2993 juniores
571 2947 614 2980 et
636 2940 769 2979 etiam
793 2940 1078 2993 suppriorem.

278 3010 554 3051 Camerarius
576 3009 706 3048 nimis
723 3016 789 3049 est
811 3009 944 3049 durus
968 3009 1172 3064 fratribus
1195 3010 1237 3048 in
1261 3009 1552 3049 ministrando
1586 3009 1830 3049 necessaria

164 3079 377 3127 fratribus,
409 3085 452 3119 et
496 3085 669 3119 tantum
713 3079 927 3131 permittit
963 3079 1114 3119 fratres
1153 3079 1214 3118 uti
1257 3078 1413 3130 pannis
1446 3078 1676 3126 veteribus,
1708 3077 1825 3130 quod

162 3148 266 3188 nihil
292 3147 438 3188 valent
461 3153 614 3199 postea
637 3146 692 3186 ad
715 3146 987 3200 erogandum
1012 3146 1288 3200 pauperibus,
