2023 3453
182 191 223 225 Α.
233 191 277 224 Ι).
313 196 321 224 1
339 196 361 224 2
371 182 397 224 8
404 179 453 241 3]
612 175 660 224 Α
671 170 986 240 79clziepiscopz'
1028 178 1419 224 Catzlnarz'ense'&
1755 184 1765 223 Ι
1780 195 1841 235 99

298 337 442 390 Major
475 336 755 377 refectuarius
788 336 917 376 nimis
949 343 1014 376 est
1048 349 1202 388 parcus
1234 335 1289 375 ad
1324 334 1660 375 ministrandum
1695 348 1841 375 neces-

179 407 293 446 saria
316 420 393 459 pro
416 406 515 446 aula
537 413 580 446 et
602 404 815 445 fratribus.

298 473 636 516 Memorandum
670 473 787 526 quod
823 473 1110 522 Senescallus,
1135 473 1328 514 Sacrista
1349 480 1393 513 et
1416 472 1486 513 alii
1510 472 1582 525 qui
1617 473 1841 512 circueunt

179 544 373 584 maneria
395 550 572 583 sumant
595 543 839 583 successive
861 542 1055 582 diversos
1078 556 1203 582 secus
1226 555 1386 582 secum.

297 612 407 652 Item
436 611 615 664 quando
653 610 762 651 fiunt
801 610 1015 650 notabiles
1043 610 1319 651 venditiones
1358 611 1605 650 innotescat
1640 609 1841 650 fratribus

177 681 401 733 quantitas
424 680 489 720 vel
515 680 586 720 ubi
612 679 806 719 venditio
830 678 945 719 facta
966 686 1042 719 est.

298 749 407 789 Item
446 749 710 788 ministrales
746 749 854 788 celle
894 749 1069 788 Exonie
1107 762 1193 788 non
1229 755 1331 788 sunt
1367 747 1516 788 fideles
1555 762 1633 789 nec
1669 749 1840 789 honesti

179 832 256 870 pro
291 818 398 858 celle
438 818 560 857 Prior
601 817 655 857 de
699 817 815 857 Brok
860 818 1025 857 remisit
1063 817 1246 857 domino
1284 831 1337 857 m.
1363 817 1405 857 li.
1442 824 1485 857 et
1522 817 1645 858 dedit
1676 818 1714 858 ei
1752 851 1758 857 .
1792 851 1798 857 .
1833 851 1839 857 .

178 901 345 927 marcas
384 900 461 939 pro
493 920 500 926 .
534 919 540 926 .
575 919 582 926 .
615 920 621 926 .
662 887 872 939 ingressu,
906 892 950 926 et
985 886 1045 925 ita
1084 886 1198 925 male
1232 886 1287 926 de
1325 886 1489 926 habent
1524 886 1687 926 ibidem
1722 885 1839 938 quod

177 955 322 1011 plures
363 988 370 995 .
405 988 411 994 .
445 988 451 995 .
496 954 827 1003 transtulerunt,
870 969 914 994 se
966 987 1258 995 ........
1310 961 1353 994 et
1396 954 1577 1007 quidam
1618 954 1841 1006 jaciebant

176 1023 386 1064 habitum.
410 1023 414 1027 ’
453 1023 793 1063 Memorandum
819 1023 873 1063 de
896 1024 1152 1063 visitacione
1173 1024 1379 1076 episcopi.

279 1137 340 1169 Fo.
364 1138 432 1169 108.

173 1138 499 1237 [Adsszim'slrati‘on
517 1197 563 1239 os
572 1196 631 1229 [lae
647 1196 730 1229 will
742 1197 788 1239 os
800 1196 899 1228 [adue
916 1196 959 1228 de
982 1197 1107 1239 Tan-12]

292 1270 704 1310 Al‘mINISTRATIO
746 1279 1067 1310 TESTAMENTI
1100 1279 1349 1319 QUONDAM
1388 1280 1572 1310 DOMINI
1609 1272 1744 1312 LUCE
1778 1281 1841 1310 DE

175 1339 623 1380 ‘l‘Aan—Universis
657 1346 880 1391 presentes
923 1338 1089 1379 litteras
1132 1339 1403 1391 inspecturis,
1437 1339 1567 1380 frater
1606 1340 1842 1392 Johannes,

172 1415 264 1456 etc.,
286 1408 471 1448 salutem
501 1409 541 1447 in
573 1408 767 1447 Domino
800 1409 1125 1460 sempiternam.
1191 1408 1373 1448 Noverit
1408 1410 1666 1449 universitas
1699 1418 1842 1450 vestra

174 1478 292 1531 quod
328 1478 513 1531 probato
546 1491 692 1517 coram
728 1477 853 1516 nobis
886 1477 1101 1530 legittime
1134 1484 1402 1518 testamento
1425 1479 1649 1531 quondam
1674 1479 1840 1519 domini

178 1547 295 1587 Luce
327 1546 381 1586 de
414 1546 555 1599 Tany,
587 1553 630 1586 et
662 1546 863 1586 exhibito
898 1547 1022 1586 nobis
1056 1547 1301 1587 inventario
1339 1547 1554 1587 bonorum
1589 1550 1841 1589 testamenti

174 1615 385 1668 ejusdem,
408 1615 525 1655 facto
548 1629 624 1668 per
645 1622 906 1656 executores
934 1616 1038 1656 dicti
1070 1615 1278 1665 defuncti,
1301 1623 1566 1670 receptoque
1591 1617 1842 1669 juramento

174 1699 199 1724 a
233 1685 436 1737 Johanne
472 1683 560 1724 filio
599 1685 820 1737 Symonis,
859 1685 1007 1733 milite,
1039 1692 1081 1724 et
1118 1684 1321 1737 Johanne
1358 1685 1413 1725 de
1448 1686 1488 1725 la
1523 1687 1641 1736 Bere,
1674 1687 1842 1736 clerico,

174 1754 485 1794 executoribus
528 1754 569 1793 in
613 1754 731 1793 dicto
774 1760 1044 1794 testamento
1087 1754 1325 1794 nominatis
1379 1756 1652 1807 presentibus
1695 1770 1840 1796 coram

175 1823 313 1871 nobis,
336 1823 391 1862 de
413 1822 530 1862 fideli
564 1822 945 1863 administratione
970 1823 1169 1863 facienda
1191 1823 1246 1863 de
1270 1823 1394 1863 bonis
1419 1825 1636 1877 predictis,
1658 1833 1701 1866 et
1725 1825 1840 1866 fideli

174 1898 383 1944 compoto
406 1891 607 1931 faciendo
631 1891 755 1931 nobis
778 1891 833 1931 de
856 1906 933 1931 sua
955 1891 1337 1932 administratione
1362 1893 1568 1945 predicta,
1591 1908 1689 1934 cum
1714 1909 1843 1948 super

176 1961 256 2000 hoc
295 1975 320 2000 a
354 1960 480 2000 nobis
515 1960 674 2000 fuerint
711 1961 917 2012 requisiti,
951 1960 1083 2012 juxta
1118 1968 1265 2001 nostre
1300 1962 1627 2003 Cantuariensis
1661 1964 1843 2004 ecclesie

176 2029 422 2069 libertatem
456 2036 499 2069 et
530 2028 896 2068 consuetudinem
931 2029 971 2068 in
1006 2037 1154 2069 nostra
1187 2031 1421 2082 provincia,
1452 2032 1663 2071 hactenus
1696 2033 1841 2072 obser-

175 2105 322 2138 vatam
343 2113 349 2147 ;
383 2112 461 2138 nos
481 2098 797 2150 prenominatis
815 2098 1126 2138 executoribus
1144 2099 1204 2138 sic
1224 2099 1380 2151 juratis
1404 2100 1583 2140 liberam
1603 2108 1646 2141 et
1666 2102 1839 2154 plenam

175 2167 601 2207 administrationem
656 2166 870 2206 bonorum
934 2168 1184 2207 testamenti
1240 2167 1421 2220 predicti
1474 2169 1747 2210 decrevimus
1799 2178 1841 2211 et

175 2236 471 2276 concessimus
507 2249 582 2288 per
617 2243 851 2288 presentes.
919 2236 964 2275 In
1010 2235 1133 2287 cujus
1172 2237 1228 2276 rei
1273 2238 1574 2278 testimonium
1619 2247 1841 2292 presentes

176 2305 341 2346 litteras
383 2305 511 2358 sigilli
556 2305 690 2345 nostri
729 2304 910 2345 fecimus
954 2305 1240 2358 impressione
1284 2307 1451 2346 muniri.
1518 2308 1683 2348 Datum
1723 2309 1840 2362 apud

178 2374 399 2427 Pageham
437 2373 494 2426 iiij
530 2374 613 2414 kal.
646 2374 763 2426 Junii
797 2388 914 2414 anno
949 2375 1130 2414 Domini
1170 2374 1465 2428 m⁰cc⁰lxxxiij
1500 2379 1841 2418 consecrationis

176 2450 323 2483 nostre
346 2443 511 2495 quinto.

176 2556 413 2599 [Ordlnallon
431 2559 471 2588 at
485 2555 635 2599 [ἄστυδε]

889 2603 927 2643 Ο
935 2612 962 2642 1<
970 2612 1017 2642 nl
1026 2612 1055 2642 N
1065 2612 1128 2643 Es.

177 2678 473 2719 ORDINANDI
508 2688 640 2718 APUD
676 2679 848 2719 LEWEs
883 2688 966 2718 DIE
1001 2681 1253 2720 SAssssATl-ll
1288 2690 1527 2729 QUATUOR
1560 2690 1835 2722 TEMPORUM

292 2756 343 2786 IN
379 2755 665 2787 SEPTIMANA
692 2748 1082 2789 PENTHECOSTES
1106 2758 1249 2788 ANNO
1272 2758 1457 2789 DOMINI
1484 2749 1838 2801 31⁰CC⁰LXXX11J⁰.

292 2815 667 2856 ORDINATIONIS
687 2825 871 2856 DOMINI
890 2826 1094 2865 QUINTO.
1162 2818 1216 2857 IN
1239 2826 1469 2858 ECCLESIA
1491 2828 1647 2858 BEATE
1670 2819 1838 2859 MARIE

293 2893 356 2924 DE
392 2884 685 2925 WEsLONTE.

900 2942 1122 2984 AcomTI.

295 3010 484 3051 Michael
508 3010 562 3051 de
586 3011 858 3052 Sevenholze.
1012 3012 1229 3052 Henricus
1254 3012 1424 3052 Gilbert
1445 3012 1500 3052 de
1528 3013 1801 3065 Magefeude.

294 3079 446 3118 Frater
469 3078 709 3118 Nicholaus
731 3079 786 3119 de
813 3081 922 3120 Pon*
1010 3081 1256 3120 Willelmus
1281 3081 1518 3133 Peytevyn.

177 3148 303 3188 tibus.
1011 3149 1229 3189 Robertus
1252 3148 1306 3188 de
1330 3148 1576 3190 Stanmere„
