2023 3453
187 158 275 202 144
579 142 869 205 Regisz‘rmn
893 142 944 206 J
943 142 1150 188 ohannis
1186 141 1399 187 Pecbam
1574 140 1693 203 [A.D.
1732 154 1853 200 1279

178 302 443 356 capellanus,
476 310 623 343 custos
658 303 874 342 bonorum
917 301 1143 354 quondam
1183 301 1382 353 magistri
1419 301 1474 340 H.
1508 300 1564 341 de
1599 301 1775 341 Hanele
1811 302 1853 341 in

177 371 361 411 ecclesia
395 371 450 411 de
490 372 735 420 wrotham,
770 371 885 411 viam
922 371 1123 410 universe
1165 369 1307 409 carnis
1349 376 1415 409 est
1458 370 1692 422 ingressus,
1730 370 1854 410 vobis

179 441 456 489 mandamus,
498 440 680 480 firmiter
723 440 1017 493 injungentes,
1060 439 1268 491 quatinus
1312 438 1366 478 ad
1410 439 1576 478 dictam
1620 439 1851 479 ecclesiam

178 510 497 563 presentialiter
523 509 783 550 accedentes
811 510 1040 562 inquiratis
1070 508 1304 560 diligenter
1334 521 1419 560 que
1449 507 1566 547 bona
1597 507 1651 547 ad
1683 508 1851 548 dictum

178 579 436 632 magistrum
480 579 548 627 H,
586 578 749 619 ibidem
787 579 851 619 vel
888 578 1149 630 ubicunque,
1185 577 1227 616 in
1263 576 1465 616 custodia
1507 576 1612 616 dicti
1654 577 1854 617 Danielis

176 648 415 688 existentia
437 647 629 687 debeant
653 648 882 700 pertinere,
904 653 948 686 et
966 660 1018 686 ea
1040 660 1126 698 que
1149 645 1417 694 inveneritiS,
1440 659 1515 684 seu
1545 645 1588 685 in
1612 645 1755 685 bladis
1777 660 1852 686 seu

177 717 399 764 armentis,
437 716 617 764 faciatis,
661 717 840 756 nomine
877 722 1028 755 nostro
1066 715 1147 754 sub
1183 714 1298 754 fideli
1343 714 1599 754 testimonio
1636 714 1766 754 vendi
1810 722 1854 755 et

174 786 370 833 distrahi,
397 792 441 825 et
468 785 594 825 nobis
621 785 677 825 de
705 786 891 838 pecunia
924 785 1118 837 plenarie
1142 783 1409 836 responderi,
1437 790 1484 823 ut
1513 797 1605 832 nos,
1637 784 1711 836 qui
1746 784 1851 824 dicti

176 855 372 908 magistri
412 855 464 894 H.
504 855 756 907 principalis
793 854 953 894 fuimus
990 860 1215 899 executor,
1238 852 1528 893 creditoribus
1564 853 1766 906 ejusdem
1809 860 1852 893 et

175 925 396 977 legatariis
423 925 630 976 quatinus
661 924 892 964 facultates
921 924 1191 976 permittent,
1214 922 1468 962 satisfacere
1492 923 1729 963 valeamus.
1795 923 1853 962 Et

175 995 208 1033 si
250 994 374 1034 vobis
416 994 662 1034 constiterit
709 1007 887 1046 quoquo
936 992 1070 1032 modo
1117 991 1235 1044 quod
1279 992 1422 1032 dictus
1467 991 1626 1031 Daniel
1681 992 1852 1044 prefato

176 1063 388 1115 magistro
418 1062 473 1103 H.
498 1063 538 1102 in
568 1062 715 1115 aliqua
743 1076 918 1102 summa
947 1062 1131 1115 pecunie
1155 1067 1390 1109 teneretur,
1415 1061 1679 1101 mandamus
1710 1062 1852 1113 quati-

174 1147 255 1172 nus
279 1133 415 1185 ipsius
438 1132 666 1184 presbiteri
690 1131 807 1171 bona
829 1132 980 1171 omnia
1002 1131 1298 1183 sequestretis,
1315 1137 1359 1170 et
1382 1130 1463 1170 sub
1485 1137 1608 1170 arcto
1623 1137 1852 1183 sequestro

173 1201 372 1247 teneatis,
395 1200 536 1240 donec
559 1200 614 1240 de
638 1201 734 1253 ipso
756 1199 908 1239 debito
931 1199 1057 1239 nobis
1076 1199 1271 1252 plenarie
1295 1198 1422 1238 fuerit
1441 1198 1727 1238 satisfactum.
1794 1199 1851 1239 Et

174 1271 253 1310 hec
297 1270 547 1310 nullatenus
589 1270 852 1310 omittantur
893 1270 1004 1308 sicut
1047 1269 1102 1309 de
1136 1269 1197 1308 eis
1230 1268 1436 1308 omnibus
1469 1268 1596 1307 nobis
1629 1268 1853 1308 volueritis

175 1339 450 1392 respondere.
516 1338 615 1392 Que
637 1346 785 1378 autem
810 1352 941 1390 super
964 1338 1046 1377 hiis
1070 1338 1257 1377 feceritis
1281 1337 1407 1376 nobis
1439 1335 1627 1376 fideliter
1650 1337 1853 1377 intimare

174 1409 343 1449 curetis.
414 1408 580 1448 Datum
612 1408 791 1460 Salopie
825 1422 884 1447 xv
914 1407 996 1446 kal.
1030 1406 1146 1459 Julii,
1174 1406 1518 1446 consecrationis
1551 1412 1699 1445 nostre
1734 1394 1852 1445 anno

175 1478 380 1518 secundo.

174 1608 337 1652 [Release
352 1610 390 1650 os
405 1608 665 1650 sequestratim
682 1607 727 1650 of
736 1607 945 1649 Lz'llz'nglon
966 1605 1108 1639 Clzm‘clz
1127 1609 1167 1638 αι’
1180 1608 1323 1648 request
1336 1605 1382 1647 os
1399 1605 1513 1638 Prior·
1526 1605 1572 1648 os
1590 1605 1852 1647 Kenilworllz]

292 1682 392 1721 PRO
443 1679 1028 1720 KENILWORTH.—Frater
1078 1678 1317 1731 Johannes,
1360 1685 1453 1726 etc.,
1494 1677 1669 1717 officiali
1713 1678 1850 1717 archi-

174 1751 348 1791 diaconi
385 1750 709 1798 Coventrensis,
744 1756 837 1798 etc.,
873 1748 1138 1788 mandamus
1171 1748 1295 1787 vobis
1330 1748 1538 1800 quatinus
1574 1754 1851 1799 sequestrum

174 1820 339 1860 factum
363 1820 625 1859 auctoritate
649 1826 798 1859 nostra
822 1818 864 1857 in
889 1817 1101 1857 fructibus
1124 1817 1307 1857 ecclesie
1329 1816 1384 1856 de
1409 1816 1653 1869 Lillington
1677 1817 1852 1869 penitus

174 1889 394 1937 relaxetis,
418 1889 477 1928 ita
500 1888 665 1927 scilicet
688 1887 806 1940 quod
832 1893 1136 1940 procuratores
1160 1886 1461 1938 religiosorum
1479 1886 1682 1935 virorum,
1698 1886 1852 1938 prioris

173 1965 217 1998 et
240 1965 482 1998 conventus
506 1958 561 1997 de
586 1956 932 2009 Kenigleworth,
955 1955 1088 1995 blada
1111 1955 1152 1994 in
1176 1955 1371 2008 grangiis
1388 1955 1629 1995 existentia
1651 1955 1853 1995 triturare

174 2027 350 2068 valeant
386 2034 429 2066 et
464 2026 718 2075 distrahere,
751 2033 794 2066 et
832 2025 934 2065 inde
972 2025 1164 2077 recipere
1199 2024 1432 2076 pecuniam
1467 2038 1545 2076 pro
1567 2024 1656 2063 suis
1691 2024 1852 2072 usibus,

174 2103 350 2149 recepta
382 2103 531 2136 tamen
567 2096 685 2148 prius
718 2094 950 2134 sufficienti
984 2100 1027 2134 et
1060 2093 1219 2133 idonea
1251 2093 1455 2133 cautione
1489 2106 1514 2132 a
1544 2092 1672 2133 dictis
1708 2093 1850 2146 religi-

174 2166 261 2204 osis
295 2165 350 2205 de
386 2164 659 2205 restituenda
696 2165 894 2217 pecunia,
929 2164 963 2203 si
1002 2163 1231 2216 contingat
1274 2162 1356 2202 hoc
1400 2162 1663 2202 auctoritate
1700 2169 1851 2203 nostra

175 2235 385 2274 mandari.
464 2234 683 2274 Volumus
726 2234 859 2274 etiam
904 2239 951 2272 ut
994 2231 1178 2285 predicti
1223 2238 1527 2284 procuratores
1569 2231 1715 2284 fruges
1757 2232 1852 2272 solo

175 2304 440 2344 adherentes
474 2304 515 2343 in
561 2303 766 2356 presenti,
807 2316 885 2355 pro
920 2315 998 2341 sua
1041 2301 1231 2341 utilitate
1272 2300 1478 2353 colligere
1520 2301 1690 2353 possint
1731 2307 1775 2341 et
1808 2302 1850 2341 in

172 2374 379 2426 grangias
432 2373 605 2412 mittere
656 2372 738 2411 sub
784 2371 914 2411 simili
964 2371 1177 2411 cautione.
1258 2370 1426 2410 Valete.
1511 2370 1679 2409 Datum
1732 2369 1849 2422 apud

175 2442 389 2484 Sanctum
414 2442 636 2481 Thomam
661 2441 738 2480 xiii
764 2441 846 2480 kal.
874 2440 1078 2492 Augusti,
1101 2439 1443 2479 consecrationis
1473 2445 1621 2479 nostre
1643 2438 1849 2478 secundo.

291 2574 458 2628 [Lelter
493 2580 532 2613 to
561 2573 629 2613 tlte
655 2573 780 2612 Decm
809 2574 862 2624 of
892 2572 1061 2621 Garlre,
1084 2572 1261 2611 Lz'ncoln
1294 2571 1475 2611 Dz'ocese.
1550 2570 1655 2611 Vide
1687 2571 1848 2624 Regz'sl.

174 2644 312 2696 Epist.
328 2643 549 2698 solmnm's
571 2641 801 2691 Pecklmm,
824 2642 850 2690 τ’,
874 2641 988 2696 129]

173 2774 458 2818 [Seqttestratz'on
475 2773 521 2816 os
529 2772 636 2806 titlzes
651 2775 692 2804 at
707 2771 979 2814 Woodclzurclz]

292 2852 636 2893 Memorandum
668 2851 786 2904 quod
823 2851 917 2890 vice
949 2857 992 2890 et
1019 2850 1281 2890 auctoritate
1310 2849 1491 2897 domini,
1518 2856 1848 2901 sequestrantur

174 2922 345 2962 decime
378 2935 487 2974 quas
518 2921 702 2974 percipit
730 2921 847 2973 prior
878 2919 933 2959 de
963 2919 1178 2959 Dovorria
1213 2918 1324 2957 infra
1361 2918 1521 2958 limites
1556 2919 1761 2970 parochie
1793 2918 1847 2959 de

175 2990 517 3031 Wodecherche.
583 2990 881 3030 Nihilominus
919 2989 1078 3028 citatur
1116 2987 1410 3040 peremptorie
1442 2986 1560 3039 quod
1594 2995 1848 3040 compareat

175 3074 321 3100 coram
358 3059 540 3098 domino
577 3065 734 3111 quarto
772 3058 842 3098 die
874 3056 1061 3109 juridico
1096 3063 1195 3109 post
1233 3056 1393 3096 festum
1423 3055 1574 3097 Sancti
1607 3056 1847 3105 Michaelis,

176 3130 441 3181 ubicumque
466 3128 591 3168 fuerit
616 3129 656 3167 in
683 3127 917 3180 provincia,
940 3132 1195 3165 ostensurus
1218 3138 1306 3177 quo
1326 3124 1434 3177 jure,
1456 3131 1535 3165 etc.
