2023 3453
197 182 240 212 A.
249 181 293 211 D.
331 182 345 211 Ι
361 181 383 211 2
392 166 418 211 8
427 164 476 227 3]
626 165 678 210 A
686 163 1000 226 rcbz'epz'scopz'
1036 163 1078 210 C
1077 161 1424 210 antzcamkmsz's.
1771 177 1831 208 20
1838 177 1860 222 5

312 392 538 445 Johannes
561 393 615 432 de
640 393 794 432 Burne.

314 461 562 500 Willelmus
584 461 623 501 16
646 461 802 510 Noble,
824 461 879 501 ad
903 461 1079 501 titulum

198 529 450 582 patrimonii
492 543 568 582 per
605 529 770 569 litteras
812 529 1081 569 dimissorias

197 599 392 651 episcopi
416 598 728 651 Cycestrensis.

312 323 537 376 Johannes
559 323 615 364 de
638 323 906 364 Tocketone.
1097 322 1117 480 ἲ

1100 486 1126 652 J
1150 460 1206 500 de
1228 474 1414 513 quorum
1437 460 1566 500 titulo
1588 459 1824 500 dubitatur.

302 692 362 724 Fo.
384 703 451 724 110.

285 692 297 735 [
457 694 468 732 ]
865 738 1200 779 SACERDOTES

314 819 572 868 MVillelmus,
595 826 737 859 rector
758 819 938 859 ecclesie
961 819 1088 860 beate
1112 820 1252 860 Marie
1275 820 1318 860 in
1344 821 1544 860 Marisco.

315 888 528 941 Magister
579 888 827 927 VVillelmus
878 888 933 928 de
985 888 1325 941 Apeldereham,
1377 888 1654 929 subdecanus
1707 889 1860 942 Cyces-

198 957 367 1005 trensis,
389 970 466 1009 per
487 956 768 997 dimissorias.

315 1026 515 1078 Rogerus
539 1024 784 1078 predicator
806 1025 861 1065 de
887 1026 1127 1078 Westgate,
1149 1025 1204 1065 ad
1227 1026 1404 1066 titulum
1430 1025 1581 1067 Sancti
1607 1026 1816 1079 Sepulcri.

316 1094 535 1134 Robertus
558 1094 613 1134 de
636 1094 835 1135 Suttone,

314 1162 561 1203 Willelmus
584 1162 639 1202 de
663 1163 967 1203 Faveresham.

316 1232 451 1284 Hugo
483 1231 538 1271 de
571 1231 726 1272 Castro
770 1232 992 1280 Bernardi,
1032 1232 1345 1272 Dunelmensis
1377 1231 1575 1277 diocesis,
1609 1247 1684 1285 per
1716 1232 1866 1272 dimis-

198 1302 333 1341 sorias
376 1301 439 1340 sui
481 1300 716 1349 diocesani,
758 1300 812 1340 ad
856 1300 1032 1340 titulum
1075 1308 1119 1341 et
1171 1301 1545 1353 presentationem
1595 1301 1768 1341 abbatis
1811 1301 1866 1342 de

201 1370 505 1411 Faveresham.

315 1438 463 1478 Adam
487 1438 542 1478 de
566 1438 719 1487 Boxle,
741 1437 796 1478 ad
820 1438 997 1478 titulum
1022 1438 1275 1490 patrimonii
1298 1438 1374 1478 sui.

319 1507 452 1560 Hugo
476 1506 656 1547 Charles
678 1507 733 1546 de
766 1507 970 1556 Dovoria,
994 1506 1048 1546 ad
1078 1508 1451 1559 presentationem
1480 1507 1634 1560 prioris
1664 1507 1867 1547 Dovorie.

317 1576 536 1615 Robertus
559 1575 613 1615 de
637 1575 872 1629 Quibefeld
897 1576 938 1615 in
965 1575 1171 1623 Dovoria,
1189 1575 1243 1615 ad
1267 1575 1444 1615 titulum
1469 1575 1705 1628 proprium.

315 1644 564 1684 VVillelmus
586 1645 642 1684 de
666 1644 857 1696 Stapele,
880 1644 935 1684 ad
959 1643 1249 1684 sufficientem
1274 1644 1451 1684 titulum
1476 1644 1727 1696 patrimonii
1752 1644 1827 1684 sui.

315 1712 563 1752 willelmus
598 1712 653 1752 de
693 1713 869 1752 Lunbre
910 1714 951 1752 in
989 1712 1250 1765 Sandwyco¹
1280 1713 1335 1753 ad
1376 1713 1552 1752 titulum
1592 1713 1815 1765 proprium
1845 1728 1869 1753 v

201 1795 445 1821 marcarum
469 1795 725 1821 annuarum.

314 1850 539 1903 Johannes
562 1850 617 1890 de
641 1850 898 1899 Schorham,
916 1850 970 1889 ad
994 1849 1285 1890 sufficientem
1309 1850 1486 1890 titulum
1510 1851 1776 1903 patrimonii,
1794 1865 1870 1904 per

200 1919 501 1959 testimonium
527 1919 593 1958 W.
617 1919 672 1959 de
696 1919 926 1960 Shorham.

317 1988 580 2040 Radulphus
602 1987 656 2028 de
680 1988 895 2041 Grangiis,
918 1988 973 2027 ad
997 1986 1286 2028 sufficientem
1310 1988 1487 2028 titulum
1512 1989 1765 2041 patrimonii
1787 1989 1868 2028 sui.

314 2057 539 2109 Johannes
590 2056 646 2097 de
702 2057 1031 2110 VVynterburne
1091 2057 1145 2096 ad
1214 2058 1587 2110 presentationem
1653 2058 1869 2110 Johannis

203 2125 435 2174 Lewensis,
459 2139 534 2178 per
555 2125 835 2165 dimissorias

318 2194 538 2234 Walterus
573 2194 792 2241 Godman,
826 2195 932 2235 alias
967 2197 1196 2237 ordinatus
1230 2195 1285 2236 ad
1321 2195 1498 2236 titulum
1535 2196 1787 2248 patrimonii
1826 2196 1867 2235 in

198 2262 500 2315 jurisdictione
523 2262 691 2302 domini
717 2263 1051 2305 Londoniensis.

317 2331 419 2372 Odo
441 2331 496 2371 de
521 2331 737 2381 Estchert,
760 2332 814 2372 ad
839 2340 1040 2385 rogatum
1065 2334 1246 2374 fratrum
1273 2332 1663 2373 Londoniensium.

317 2400 540 2440 Gilbertus
574 2401 629 2440 de
669 2401 831 2449 Lewes‚
866 2401 920 2441 ad
955 2403 1132 2450 titulum
1170 2402 1459 2442 sufficientem
1499 2402 1762 2454 patrimonii,
1797 2415 1873 2454 per

202 2469 482 2509 dimissorias.

321 2538 539 2578 Henricus
563 2538 835 2580 Covenaunt.

319 2607 567 2647 VVillelmus
622 2609 810 2661 VVynter
858 2609 913 2650 de
969 2610 1133 2658 Lewes,
1186 2623 1261 2662 per

203 2676 369 2716 litteras
395 2675 664 2717 dimissorias
693 2679 888 2732 episcopi
927 2679 1239 2732 Cycestrensis,

1298 2579 1560 2622 Sacerdotes
1593 2579 1649 2620 de
1683 2592 1868 2632 quorum

1354 2649 1483 2690 titulo
1505 2648 1742 2688 dubitatur.

205 2788 339 2830 [Fz'rml
351 2792 501 2821 account
512 2790 559 2834 of
566 2789 624 2823 tlze
640 2794 821 2824 executors
836 2793 882 2834 of
897 2792 1041 2831 lslshller,
1060 2791 1132 2824 lale
1147 2791 1273 2834 bz'slzop
1289 2791 1335 2834 of
1344 2790 1506 2833 Enim]

323 2867 514 2907 FINALE
579 2867 864 2909 COMPOTUM
930 2870 1284 2910 EXECUTORUM
1338 2868 1667 2908 TESTAMENTI
1738 2876 1870 2908 BONE

208 2943 440 2975 MEMORIE
478 2945 663 2976 DOMINI
707 2937 949 2977 WALTERI
986 2938 1297 2978 EXONIENSIS
1342 2935 1872 2976 EPISCOP1.—Universis

206 3009 430 3055 presentes
467 3003 633 3044 litteras
671 3005 931 3057 inspecturis
969 3006 1101 3046 frater
1135 3005 1373 3058 Johannes,
1406 3004 1693 3056 permissione
1724 3003 1873 3044 divina

208 3070 535 3112 Cantuariensis
561 3073 805 3126 episcopm,
827 3075 961 3114 totius
985 3074 1149 3127 Anglie
1182 3074 1354 3126 primas,
1378 3072 1565 3113 salutem
1599 3073 1642 3112 in
1676 3072 1873 3112 Domino

207 3138 532 3192 sempiternam.
596 3140 668 3183 Ad
700 3143 996 3184 universitatis
1020 3149 1161 3182 vestre
1189 3141 1396 3183 noticiam
1424 3147 1576 3182 tenore
1606 3141 1872 3195 presentium
