2023 3453
174 209 218 240 A.
228 210 270 240 D.
303 211 316 240 1
332 212 354 240 2
363 197 389 241 8
400 194 446 257 2]
583 196 635 241 A
643 195 957 258 rchz‘epz'scopz'
1004 196 1046 243 C
1044 195 1391 242 anluarz'ensz‘s.
1743 213 1756 241 1
1770 199 1831 257 89

172 353 380 392 tuariensi
413 352 752 406 archiepiscopo,
785 354 919 393 totius
943 353 1105 406 Anglie
1138 353 1325 406 primati,
1358 353 1535 393 nomine
1557 353 1832 405 quorundam

172 420 439 460 confratrum
478 434 654 460 suorum
691 422 1005 461 monachorum
1042 421 1375 474 VVyntoniensis
1411 421 1593 461 ecclesie
1630 422 1835 474 predicte,

175 490 520 542 procuratorium
545 490 868 542 infrascriptum
893 490 1016 542 cujus
1048 497 1174 530 tenor
1195 491 1293 530 talis
1325 495 1416 530 est:
1452 489 1835 530 Reverendissimo

173 559 284 611 patri
328 559 370 597 in
405 558 581 598 Christo
615 565 658 598 et
696 558 934 598 reverendo
968 558 1149 598 domino
1187 559 1390 611 Johanni‚
1426 558 1508 598 Dei
1546 559 1687 611 gratia
1722 558 1834 599 Can-

173 627 380 667 tuariensi
413 627 756 680 archiepiscopo,
789 628 923 667 totius
951 627 1115 681 Anglie
1148 628 1336 681 primati,
1365 628 1430 666 sui
1464 627 1537 666 filii
1572 627 1759 667 humiles
1791 634 1834 668 et

173 695 332 741 devoti,
383 695 536 735 fratres
595 695 836 735 Nicholaus
887 695 942 736 de
997 696 1203 745 Hamme,
1255 696 1456 748 supprior
1503 695 1839 747 Wyntoniensis

172 764 365 814 ecclesie,
400 764 666 805 Godefridus
689 764 743 804 de
768 765 948 814 Exsex’,
970 765 1123 805 tertius
1157 765 1283 817 prior,
1308 764 1535 817 Philippus
1558 764 1613 804 de
1646 764 1839 815 Oxonia,

172 833 396 885 Johannes
418 832 473 873 de
492 833 727 881 Ostillaria,
747 833 968 873 Galfridus
993 834 1178 886 Norays,
1197 833 1475 873 Walentinus
1498 833 1553 873 de
1571 834 1838 884 Werevvelle‚

176 901 312 954 Hugo
334 901 388 941 de
421 901 559 950 Bolre,
582 901 831 941 Willelmus
853 901 908 941 de
942 901 1058 950 Hou‚
1080 901 1305 954 Johannes
1333 901 1513 950 Croche,
1535 902 1760 954 Johannes
1783 902 1838 943 de

174 969 395 1019 Overton',
409 971 634 1023 Johannes
657 970 711 1010 de
736 970 954 1019 Mortune,
974 970 1221 1010 Willelmus
1239 970 1294 1010 de
1314 971 1589 1020 Bannebiria,
1603 978 1647 1011 et
1667 971 1837 1024 Symon

176 1040 380 1092 Dymars
418 1040 620 1079 monachi
664 1039 830 1092 prefate
867 1039 1059 1088 ecclesie,
1101 1053 1279 1079 omnem
1323 1040 1624 1089 reverentiam,
1667 1039 1837 1092 subjec-

173 1108 351 1157 tionem,
402 1115 445 1148 et
507 1108 718 1148 honorem
771 1122 869 1147 cum
922 1108 1072 1148 salute.
1157 1108 1339 1148 Noverit
1404 1109 1643 1161 paternitas
1695 1115 1839 1149 vestra

174 1176 410 1217 reverenda
452 1177 570 1229 quod
623 1191 701 1216 nos
744 1176 953 1217 dilectum
1007 1176 1183 1216 fratrem
1237 1183 1434 1217 nostrum
1489 1176 1741 1230 Philippum
1785 1177 1839 1217 de

177 1245 447 1298 Anyntonia‚
480 1246 663 1286 latorem
697 1246 979 1298 presentium,
1017 1252 1343 1298 procuratorem
1383 1246 1704 1295 constituimus,
1738 1245 1840 1285 faci-

174 1328 283 1363 muS,
305 1320 348 1354 et
385 1314 696 1363 ordinavimus,
725 1314 780 1354 de
818 1314 999 1354 licencia
1035 1322 1078 1354 et
1117 1328 1297 1354 assensu
1333 1314 1501 1354 domini
1540 1314 1652 1364 Ade,
1688 1315 1841 1367 prioris

175 1383 323 1432 nostri,
347 1383 402 1423 ad
432 1383 671 1436 petendum
701 1390 744 1423 et
772 1383 1071 1436 recipiendum
1096 1398 1120 1423 a
1150 1384 1384 1423 sanctitate
1406 1391 1550 1424 vestra
1578 1383 1838 1424 beneficium

173 1451 460 1492 absolutionis
503 1466 633 1505 super
668 1453 860 1505 quadam
893 1453 1372 1492 excommunicacionis
1415 1453 1635 1493 sententia
1676 1453 1718 1492 in
1762 1466 1841 1492 nos

174 1521 405 1561 fulminata
428 1535 504 1574 per
525 1521 730 1561 dominos
754 1521 1119 1562 Cantuariensem
1150 1521 1383 1562 officialem
1411 1528 1454 1561 et
1481 1522 1839 1562 archidiaconum

173 1589 372 1643 ejusdem
396 1589 477 1630 loci
500 1597 616 1639 tunc,
639 1591 963 1630 commissarios
986 1598 1153 1631 vestros
1176 1605 1254 1644 pro
1285 1605 1338 1631 eo
1361 1591 1479 1644 quod
1513 1592 1840 1644 inquisitionem

174 1659 397 1712 quandam
427 1673 451 1699 a
485 1660 610 1700 vobis
633 1659 688 1700 de
724 1660 934 1700 mandato
969 1667 1114 1700 vestro
1150 1675 1226 1713 per
1263 1661 1380 1713 ipsos
1416 1660 1714 1714 facienda[m],
1742 1667 1843 1713 post

175 1728 494 1781 appellationes
536 1735 707 1769 nostras
750 1743 775 1769 a
811 1729 935 1769 vobis
977 1729 1032 1769 ad
1076 1729 1304 1769 dominum
1345 1731 1509 1783 Papam
1549 1730 1842 1783 interpositas,

175 1797 318 1837 subire
361 1798 668 1846 recusavimus,
708 1797 864 1837 dantes
907 1797 1050 1837 eidem
1094 1804 1360 1851 potestatem
1404 1804 1447 1837 et
1489 1798 1679 1851 speciale
1721 1811 1842 1838 man-

175 1863 329 1904 datum
361 1863 536 1915 jurandi
580 1864 621 1903 in
665 1865 835 1904 animas
878 1871 1062 1913 nostras,
1104 1871 1193 1904 tam
1234 1864 1288 1904 de
1331 1865 1584 1917 calumpnia
1617 1878 1749 1917 quam
1787 1863 1842 1905 de

175 1933 359 1973 veritate
390 1932 589 1982 dicenda,
612 1940 655 1973 et
688 1933 913 1986 prestandi
940 1933 1168 1985 quodlibet
1199 1947 1339 1986 genus
1366 1934 1628 1973 sacramenti
1662 1933 1767 1973 liciti
1800 1939 1844 1973 et

176 2001 378 2050 honesti;
411 2008 553 2041 ratum
586 2002 776 2042 habituri
799 2002 1006 2055 quicquid
1031 2002 1174 2041 dictus
1208 2009 1463 2054 procurator
1495 2009 1643 2042 noster
1665 2002 1844 2042 nomine

177 2077 327 2110 nostro
350 2071 392 2110 in
417 2071 650 2123 premissis,
669 2085 815 2111 coram
831 2072 955 2111 vobis
973 2071 1151 2111 duxerit
1174 2071 1436 2111 faciendum.
1501 2072 1559 2111 Et
1576 2072 1679 2124 quia
1701 2071 1844 2125 sigilla

177 2140 352 2193 propria
402 2153 490 2179 non
542 2140 767 2187 habemus
809 2140 999 2193 sigillum
1052 2140 1236 2193 predicti
1279 2139 1446 2180 domini
1500 2141 1653 2192 prioris
1706 2140 1843 2180 nostri

407 2209 682 2260 presentibus
714 2210 877 2262 apponi
911 2210 1250 2262 procuravimus.
1315 2209 1482 2249 Datum
1507 2209 1749 2262 Wyntonie
1771 2209 1843 2250 die

176 2285 363 2328 [Fo.106.]
404 2279 590 2319 Veneris
625 2279 829 2331 proxima
871 2284 971 2331 post
1012 2278 1171 2318 festum
1217 2278 1369 2319 Sancti
1413 2278 1528 2318 Petri
1571 2278 1627 2318 ad
1669 2278 1844 2318 vincula

407 2361 524 2388 anno
558 2347 739 2386 Domini
772 2349 900 2386 m⁰cc⁰
931 2347 1205 2399 octogesimo
1237 2346 1441 2386 secundo,
1505 2346 1606 2400 Quo
1639 2361 1842 2400 procura-

176 2418 288 2458 torio
326 2417 386 2457 sic
422 2416 623 2457 exhibito
657 2422 790 2468 atque
824 2415 950 2464 lecto,
984 2415 1127 2455 dictus
1170 2422 1426 2468 procurator
1468 2416 1683 2456 instanter
1717 2417 1843 2469 petiit

178 2486 466 2526 absolutionis
496 2484 757 2525 beneficium
781 2484 862 2524 sibi
896 2485 937 2523 in
973 2485 1169 2537 personis
1192 2483 1409 2524 dictorum
1444 2484 1625 2525 fratrum
1661 2498 1838 2525 suorum

175 2555 307 2607 juxta
348 2554 533 2594 formam
578 2554 865 2606 prescriptam
919 2553 1126 2606 impendi.
1203 2553 1403 2593 Prefatus
1445 2560 1592 2594 autem
1635 2553 1840 2594 dominus

177 2624 531 2677 archiepiscopus
571 2623 894 2663 absolutionem
927 2623 1181 2675 hujusmodi
1215 2637 1290 2675 per
1313 2637 1413 2662 suas
1445 2630 1646 2675 patentes
1679 2624 1844 2664 litteras

179 2693 347 2743 prefato
389 2692 543 2745 prioris
584 2692 838 2731 commissit.
902 2692 961 2731 Et
998 2692 1100 2744 quia
1134 2692 1466 2744 prenominatus
1502 2691 1633 2732 frater
1671 2691 1842 2744 Symon

179 2762 372 2815 Dymars
404 2768 508 2801 tunc
539 2774 686 2801 coram
710 2760 829 2800 dicto
851 2760 1033 2800 domino
1065 2760 1397 2813 archiepiscopo
1430 2761 1717 2813 personaliter
1748 2775 1843 2813 pre-

178 2843 277 2870 sens
301 2829 380 2869 fuit
395 2836 439 2870 et
460 2829 681 2869 humiliter
699 2830 854 2882 petivit
871 2829 1051 2878 absolvi,
1067 2829 1272 2869 dominus
1291 2830 1656 2882 archiepiscopus,
1671 2836 1845 2883 recepto

177 2898 234 2939 ab
255 2912 307 2938 eo
326 2898 579 2950 juramento
601 2898 656 2938 de
683 2898 879 2951 parendo
909 2898 1130 2938 mandatis
1162 2898 1355 2947 ecclesie,
1385 2898 1573 2938 absolvit
1601 2898 1792 2939 eundem
1819 2913 1845 2939 a

176 2967 396 3008 sententia
427 2973 682 3016 memorata,
705 2974 749 3007 et
780 2967 1041 3007 auctoritate
1073 2967 1210 3007 crucis
1233 2980 1365 3019 quam
1399 2966 1480 3006 sibi
1509 2966 1643 3016 dedit,
1665 2967 1842 3020 dispen-

178 3037 290 3076 savit
312 3048 411 3075 cum
440 3049 492 3075 eo
524 3049 654 3087 super
685 3034 1005 3087 irregularitate
1027 3049 1161 3088 quam
1194 3041 1477 3075 contraxerat
1499 3035 1658 3075 divinis
1692 3035 1844 3076 officiis

179 3118 225 3145 se
276 3104 449 3144 interim
492 3105 635 3144 minus
688 3103 868 3156 provide
920 3104 1203 3144 immiscendo.
1266 3103 1384 3144 Acta
1434 3105 1477 3143 in
1520 3118 1694 3144 camera
1736 3103 1841 3144 dicti

179 3173 348 3213 domini
385 3172 701 3227 archiepiscopi
743 3172 861 3226 apud
906 3172 1269 3226 Maydenestane,
1312 3173 1589 3226 presentibus
1632 3173 1844 3228 magistro
