2023 3453
200 193 297 224 ΑΛ).
336 195 348 223 1
363 175 479 241 287]
637 177 689 225 Α
699 177 1012 241 rclzz'epz'scopz'
1049 175 1438 224 cantuariensis.
1771 190 1793 220 2
1804 191 1826 235 5
1842 189 1855 220 1

316 338 540 390 Johannes
572 336 627 377 de
660 336 918 390 Oxeburgh,
949 336 1240 376 Norwicensis
1269 335 1467 383 diocesis,
1496 347 1572 386 per
1605 333 1863 381 dimissoria,

200 407 255 447 ad
279 406 455 446 titulum
479 412 523 445 et
546 406 920 458 presentationem
945 405 1140 458 magistri
1167 404 1267 444 Ade
1289 403 1345 443 de
1372 402 1496 443 Hale.

317 475 536 514 Dominus
561 474 792 523 Robertus‚
815 481 955 514 rector
977 474 1159 513 ecclesie
1180 472 1235 513 de
1259 472 1502 525 Wystaple.

318 544 469 583 Frater
492 542 712 582 Walterus
735 542 790 582 de
812 542 1049 582 Tortriton.

317 613 470 652 Frater
494 612 646 651 Petrus
668 611 723 650 de
747 611 936 651 Calceto.

315 680 541 733 Johannes
563 679 618 720 (16
641 679 928 732 Chiltington.

319 749 537 789 Henricus
560 747 615 788 de
639 748 819 787 Abiton.

317 817 538 857 walterus
560 816 615 856 de
640 816 928 856 Pecthworth.

316 886 564 926 Willelmus
586 885 641 924 (16
665 885 903 924 Davinton.

317 955 537 995 Robertus
559 953 614 993 de
642 954 785 993 Herst.

317 1023 530 1075 Magister
553 1023 707 1062 Petrus
729 1021 785 1062 de
810 1021 1035 1062 Ludeseie.

286 1119 362 1162 [Fo.
385 1118 469 1161 130.]

198 1173 435 1217 [Ordz'nation
459 1175 500 1204 at
521 1170 718 1212 Arzmdel]

199 1241 428 1282 ORDINEs
458 1248 734 1280 CELEBRATI
765 1248 817 1277 IN
852 1247 1084 1279 ECCLESIA
1115 1248 1178 1278 DE
1211 1239 1465 1279 ARUNDEL
1495 1248 1579 1278 DIE
1613 1239 1866 1280 SABBATHI

315 1319 367 1349 IN
406 1317 560 1347 PRIMA
597 1316 885 1348 SEPTIMANA
923 1307 1330 1360 QUADRAGESIME
1366 1317 1418 1347 IN
1451 1316 1659 1348 DIOCESE
1691 1307 1866 1348 CYCEs-

315 1386 495 1418 TRENSI
534 1385 639 1417 IPSA
676 1386 799 1417 SEDE
842 1386 1075 1417 VACANTE
1118 1386 1261 1417 ANNo
1306 1377 1502 1417 DOMINI
1542 1378 1673 1417 M⁰cc⁰
1710 1376 1868 1417 OCTo-

315 1455 500 1488 GESIMO
542 1454 766 1486 SEPTIMO.

925 1503 1147 1545 ACOLITI.

316 1562 513 1602 Thomas
539 1560 594 1601 de
618 1561 877 1614 &Varnecap

316 1631 578 1684 Radulphus
601 1630 656 1670 de
680 1630 938 1683 Warnecap.

315 1688 565 1740 Willelmus
588 1699 643 1739 de
669 1699 971 1752 Loppedenne
993 1699 1048 1740 de
1072 1699 1335 1752 Angemere.

318 1769 565 1809 &Villelmus
591 1768 707 1808 Kein
731 1768 786 1808 (16
811 1768 1168 1822 Angemerynge.

315 1838 564 1878 Willelmus
587 1837 803 1890 Cuteinge
826 1837 881 1878 de
906 1838 1248 1891 Angemeringe.

316 1908 516 1960 Rogerus
539 1906 594 1946 de
617 1906 658 1946 la
680 1907 776 1959 Tye
800 1907 1093 1961 Climppinge.

316 1976 564 2016 Willelmus
590 1976 766 2016 Bolmer
787 1976 842 2016 de
866 1976 1208 2029 Angemeringe.

315 2045 513 2085 Thomas
535 2045 590 2085 de
615 2045 906 2098 Polnberugh.

315 2115 512 2155 Thomas
534 2114 590 2154 de
616 2115 835 2155 Prestone.

314 2183 540 2236 Johannes
563 2183 618 2223 de
644 2183 900 2224 Daudevile.

314 2252 540 2305 Johannes
559 2252 811 2292 Wodelond
835 2252 890 2292 de
914 2252 1125 2292 Arundel.

316 2321 564 2361 Willelmus
589 2321 731 2361 Faber
752 2322 808 2361 de
833 2322 1141 2374 Rustingtone.

316 2390 568 2442 Stephanus
591 2389 646 2429 de
668 2390 855 2430 Vienna.

317 2459 469 2499 Frater
502 2459 728 2511 Johannes
762 2459 817 2499 de
853 2459 1106 2508 Sarisberia‚
1139 2460 1376 2499 canonicus
1413 2459 1467 2499 de
1500 2458 1758 2511 Tychefeud
1794 2472 1870 2511 per

200 2526 458 2567 dimissoria.

317 2595 559 2635 Nicholaus
582 2596 725 2636 dictus
749 2596 840 2637 Gos
863 2596 918 2636 de
943 2596 1154 2637 Arundel.

314 2664 539 2716 Johannes
563 2665 756 2714 Wodier‚
780 2665 1029 2706 Willelmus
1056 2666 1187 2718 Ipoth
1211 2665 1509 2706 Cicistrenses.

318 2733 471 2773 Frater
493 2733 742 2774 Willelmus
765 2734 820 2774 de
844 2734 956 2776 Sela.

318 2801 580 2855 Radulphus
603 2803 840 2856 Tanpener
861 2803 917 2843 de
940 2803 1146 2844 Cicestra.

319 2871 471 2911 Frater
491 2871 716 2923 Johannes
734 2871 789 2912 de
812 2872 852 2912 13
873 2873 1008 2922 Mare,
1024 2872 1240 2912 Ricardus
1258 2872 1313 2912 (16
1337 2873 1476 2924 Spina
1494 2870 1697 2910 monachi
1717 2871 1869 2912 Sancti

203 2939 391 2978 Dionisii
415 2953 491 2991 per
512 2939 772 2980 dimissoria.

319 3007 581 3058 Laurentius
603 3008 658 3048 de
682 3009 848 3062 Paling.

322 3077 539 3117 Henricus
561 3077 600 3118 16
625 3078 750 3118 Roer.

320 3145 568 3186 Willelmus
590 3146 645 3187 de
669 3148 1012 3200 Rustingthona.
