2023 3453
170 178 229 221 24
238 179 260 207 2
590 162 877 225 Regislrmn
903 163 953 226 J
950 162 1157 208 Olmnm's
1192 163 1406 209 Pechcmz
1557 163 1619 227 [A.
1628 181 1673 211 D.
1712 182 1724 210 1
1740 182 1762 211 2
1771 168 1797 212 8
1806 178 1830 225 7

167 321 347 361 firmiter
375 321 658 373 injungentes
686 321 893 373 quatinus
921 321 1070 360 omnia
1097 327 1140 361 et
1168 321 1341 373 singula
1369 321 1674 374 contingentia
1701 329 1833 363 testa-

168 397 316 430 menta
350 389 517 429 domini
556 389 745 441 Philippi
783 389 949 436 Basset,
985 389 1147 437 militis,
1181 396 1224 429 et
1264 389 1470 430 Fulconis
1511 391 1646 431 Lovel
1680 391 1835 441 clerici,

167 458 408 499 secundum
440 458 665 498 decretum
700 464 911 505 nostrum,
934 457 1027 497 sine
1054 457 1157 497 dolo
1182 465 1224 498 et
1257 458 1422 508 fraude,
1451 459 1642 500 liberetis
1674 474 1836 501 execu-

167 528 334 568 toribus
369 526 536 566 domini
578 526 782 565 Fulconis
816 525 1037 574 antedicti,
1062 539 1140 578 pro
1169 533 1288 566 certo
1318 527 1507 567 scientes
1533 528 1651 580 quod
1682 542 1836 569 omnes

166 596 441 649 inpedientes
457 595 680 634 maliciose
694 595 1004 634 executionem
1021 601 1388 635 testamentorum
1405 603 1507 637 sunt
1521 597 1643 650 ligati
1660 597 1837 649 majoris

167 664 642 706 excommunicationis
672 663 891 703 sententia
918 664 1013 716 ipso
1045 663 1172 703 facto.
1237 664 1404 704 Datum
1435 665 1552 717 apud
1578 666 1837 715 Mortelake‚

169 734 278 786 xvij⁰
301 733 382 773 kal.
401 733 530 785 Junii,
550 746 666 771 anno
686 732 869 771 Domini
894 734 1021 771 m⁰cc⁰
1038 733 1311 785 octogesimo
1330 733 1532 786 septimo,
1547 733 1837 774 ordinationis

169 809 316 842 nostre
339 815 467 841 nono.

284 899 448 952 [Leller
468 905 506 938 to
530 898 597 937 [lle
617 898 891 937 Arclzdeacon
915 898 968 949 (gf
980 898 1133 950 Derby.
1195 899 1356 950 Regz'sl.
1388 899 1525 951 Epist.
1540 899 1585 953 J.
1609 900 1837 949 Pecklzam,

169 970 230 1015 iii,
253 967 369 1023 9726]

284 1037 449 1090 [Letter
469 1043 507 1076 lo
530 1036 597 1076 {lle
617 1036 891 1076 Archdeacon
914 1037 967 1087 (gf
983 1036 1257 1088 Canterbmy.
1319 1036 1439 1085 llud,
1463 1037 1524 1083 iii,
1547 1037 1663 1092 947]

256 1176 330 1219 [ΓΟ.
355 1178 439 1216 ¹274

289 1257 538 1293 LITTERE
567 1257 888 1292 COMMUNES
913 1257 985 1291 ΕΤ
1008 1257 1246 1292 NOMINA
1271 1257 1717 1294 ORDINATORUM.

169 1349 399 1390 ORDINES
446 1356 722 1388 CELEBRATI
772 1356 823 1386 IN
872 1347 1116 1388 ECCLESIA
1171 1348 1494 1386 PREBENDALI
1538 1348 1838 1389 SUTHMALL-

284 1426 503 1458 YNGENSI
534 1426 617 1456 DIE
642 1416 896 1457 SABBATHI
921 1415 1172 1469 QUATUOR
1196 1425 1477 1456 TEMPORUM
1503 1426 1657 1456 PRIME
1681 1426 1837 1458 SEPTI-

286 1495 427 1526 MANE
471 1485 875 1538 QUADRAGESIME
918 1494 1061 1524 ANNO
1102 1485 1298 1524 DOMINI
1336 1491 1467 1525 M⁰CC⁰
1509 1485 1836 1526 OCTOGESIMO

284 1564 451 1595 SEXTO.

893 1611 1115 1652 ACOLITI.

172 1711 390 1751 Robertus
412 1709 467 1749 de
490 1710 690 1762 Chenny,
716 1710 1025 1762 Norwycensis
1048 1710 1248 1757 diocesis,
1272 1724 1347 1763 per
1370 1710 1627 1750 dimissoria.

166 1780 392 1832 Johannes
415 1779 470 1819 de
494 1778 710 1820 Otteford.

170 1848 432 1901 Radulphus
455 1849 510 1888 de
535 1847 817 1900 Berghstede.
942 1793 954 1892 1

170 1917 384 1957 Ricardus
406 1917 462 1969 ‚de
488 1917 733 1958 Uckefeud,
947 1895 955 1942 1
972 1912 1133 1964 recepti
1158 1925 1234 1964 per
1256 1911 1499 1952 dominum.

170 1987 410 2026 Nicholaus
433 1986 488 2026 de
512 1986 662 2039 Clyva.

169 2056 441 2108 Reginaldus
470 2056 525 2095 de
554 2056 797 2097 Stanmere.

255 2197 464 2236 ACOLITI
518 2205 581 2235 DE
632 2197 863 2236 DYOCESE
909 2196 1251 2237 CYCESTRENSI
1301 2205 1611 2237 PRESENTATI
1658 2207 1749 2236 PER

623 2274 925 2306 OFFICIALEM
972 2265 1380 2306 CYCESTRENSEM.

894 2362 1115 2402 ACOLITI.

284 2458 483 2510 Rogerus
507 2458 561 2498 de
586 2458 812 2498 Bercham.
1117 2458 1366 2498 Willelmus
1388 2457 1443 2497 de
1467 2457 1711 2510 Alyngton.

278 2526 504 2578 Johannes
527 2526 582 2566 de
607 2527 923 2580 Alinggerugg.
1115 2527 1342 2580 Johannes
1368 2527 1525 2579 Rugge
1551 2526 1607 2566 de
1630 2526 1832 2567 Chufold.

282 2595 497 2635 Ricardus
520 2595 575 2635 de
600 2595 827 2648 Suthwyk.
1114 2596 1340 2648 Johannes
1365 2595 1521 2635 Finian
1549 2594 1604 2635 de
1632 2595 1832 2636 Sorham.

281 2664 529 2704 VVillelmus
546 2665 584 2704 le
605 2664 744 2705 Chros
759 2665 814 2705 de
833 2666 994 2705 Lewes
1118 2664 1484 2705 Ricardusdictus
1496 2664 1833 2705 Bartholomeus

283 2733 495 2772 Ricardus
520 2733 718 2786 Gocelyn
751 2733 806 2773 de
838 2734 994 2774 Ferles.
1058 2733 1112 2773 de
1137 2733 1440 2785 Blechington.

283 2802 497 2842 Ricardus
524 2803 579 2842 de
608 2803 717 2842 Broc
748 2802 802 2842 de
831 2802 994 2843 Grene-
1118 2803 1336 2842 Henricus
1394 2802 1432 2841 le
1491 2802 1725 2842 Portereve
1777 2802 1833 2843 de

164 2870 271 2910 sted.
1059 2870 1226 2913 Seford.

279 2939 503 2991 Johannes
530 2940 690 2980 Dodde
712 2939 767 2980 de
793 2940 953 2980 Lewes.
1118 2940 1253 2992 Elyas
1277 2939 1332 2979 de
1357 2939 1491 2979 Bello.

282 3008 495 3048 Matthew
519 3008 573 3048 de
597 3009 637 3048 la
662 3008 810 3049 Stoke.
1117 3008 1364 3048 Willelmus
1388 3008 1614 3060 Toterugg
1634 3007 1689 3048 de
1708 3008 1830 3048 Han—

280 3077 528 3116 willelmus
551 3077 606 3117 de
629 3077 875 3130 wyrstede.
1056 3077 1154 3117 feld.

278 3145 474 3186 Thomas
498 3146 552 3186 de
580 3147 768 3187 Pelham.
1111 3146 1335 3200 Johannes
1370 3146 1513 3188 Swele
1544 3145 1599 3187 de
1630 3145 1828 3187 Sorharn.
