2023 3453
163 167 252 200 202
585 152 872 217 Registrmn
898 152 1152 218 sollemnis
1188 152 1401 201 Pallam
1554 155 1669 218 [Ab.
1708 158 1826 217 1283

273 313 508 354 Ordinatio
542 313 710 353 domini
753 327 884 366 super
925 319 1089 352 statum
1136 313 1310 365 Rogeri,
1342 313 1519 353 rectoris
1561 313 1742 354 ecclesie
1774 313 1829 354 de

161 382 354 423 Hamme
390 382 676 423 Cicestrensis
709 381 906 422 diocesis.
969 381 1150 434 [Regisl.
1185 381 1322 433 Epist.
1347 381 1570 436 solumm's
1600 382 1830 431 Pecklmm,

156 452 200 499 ii,
227 451 348 504 585]

240 565 319 606 [Fo.
349 565 433 608 109]

154 624 385 667 [Absolution
401 624 447 667 os
456 623 514 657 tlze
530 623 733 656 Ewcutm‘s
748 623 794 665 os
811 623 956 661 Walter,
973 623 1045 656 lale
1063 623 1204 666 Bz'slzop
1220 624 1266 666 os
1276 623 1440 665 Exacta]

271 686 557 727 COMPOTUM
585 694 908 726 TESTAMENTI
934 694 1121 725 nomm
1147 686 1212 725 W.
1236 695 1488 735 QUONDAM
1517 686 1829 727 EXONIENSIS

156 764 384 796 EPISCOPI.
448 754 734 795 COMPOTUM
764 754 1120 795 EXECUTORUM
1156 763 1289 795 BONE
1324 764 1559 795 MEMORIE
1584 754 1828 795 WALTERI

156 824 467 864 EXONIENSIS
522 822 749 863 EPISCOPI
803 832 866 862 DE
929 832 1405 864 ADMINISTRATIONE
1468 832 1713 864 BONORUM
1769 833 1830 863 ET

155 901 479 933 EXECUTIONE
513 901 836 932 TEsTAMENTI
862 892 1390 941 EJUSDEh1i.——Universis
1414 899 1639 945 presentes
1663 893 1831 933 litteras

155 961 429 1014 inspecturis,
477 960 610 1001 frater
665 947 905 1013 Johannes,
959 962 1248 1014 permissione
1300 961 1449 1002 divina
1502 961 1831 1002 Cantuariensis

154 1030 522 1083 archiepiscopus,
556 1029 691 1070 totius
728 1029 892 1082 Anglie
932 1030 1108 1083 primas,
1141 1030 1329 1071 salutem
1364 1031 1405 1070 in
1441 1030 1637 1070 Domino
1670 1031 1830 1084 sempi-

154 1106 336 1140 ternam.
400 1098 512 1139 Cum
536 1112 594 1138 ex
625 1097 770 1138 officio
793 1105 943 1139 nostro
974 1098 1276 1151 procedentes,
1298 1099 1503 1139 dominos
1529 1100 1752 1152 Rogerum
1776 1100 1831 1140 de

155 1167 390 1208 Derteford
414 1174 457 1207 et
478 1167 777 1220 Reginaldum
797 1167 965 1208 dictum
990 1168 1029 1208 le
1049 1168 1265 1215 Arcevek,
1283 1169 1519 1208 canonicos
1540 1169 1831 1217 Exonienses‚

153 1237 383 1277 dominum
410 1237 587 1276 Petrum
613 1236 668 1276 de
692 1236 947 1285 Guldeford‚
971 1237 1261 1290 capellanum,
1286 1237 1545 1290 magistrum
1570 1237 1830 1278 Gervasium

152 1306 208 1346 de
231 1305 531 1354 Credintonia,
553 1304 759 1345 dominos
786 1306 1024 1358 Hugonem
1045 1305 1100 1346 de
1125 1306 1422 1359 Plymptonia,
1444 1312 1487 1346 et
1512 1306 1751 1346 Ricardum
1776 1306 1831 1347 de

154 1375 372 1429 Grangiis,
393 1380 655 1414 executores
678 1375 933 1415 testamenti
958 1375 1072 1415 bone
1106 1376 1317 1415 memorie
1342 1375 1537 1423 Walteri,
1562 1375 1832 1416 Exoniensis

152 1444 360 1498 episcopi,
383 1457 530 1484 coram
563 1444 690 1484 nobis
717 1445 888 1484 evocari
917 1444 1159 1491 fecerimus,
1182 1459 1312 1498 super
1342 1444 1568 1485 reddendo
1600 1445 1828 1485 ratiocinio

152 1520 195 1554 et
218 1513 334 1553 fideli
359 1512 749 1553 administracione
772 1513 988 1553 bonorum
1022 1514 1128 1554 dicti
1158 1514 1367 1562 defuncti,
1400 1528 1587 1566 quorum
1621 1513 1831 1554 adminis-

152 1583 389 1623 trationem
407 1582 574 1622 eisdem
595 1583 713 1635 prius
732 1583 773 1622 in
791 1582 932 1623 forma
946 1582 1055 1634 juris
1074 1583 1388 1631 commisimus,
1405 1583 1539 1623 iidem
1556 1590 1831 1632 executores,

154 1651 348 1705 predicte
371 1651 590 1691 vocationi
626 1658 772 1691 nostre
805 1651 965 1691 devote
999 1659 1214 1704 parentes,
1237 1666 1383 1692 coram
1419 1652 1545 1692 nobis
1569 1652 1608 1692 in
1636 1653 1832 1693 manerio

153 1727 303 1760 nostro
326 1719 381 1759 de
401 1719 741 1772 Suthmallinge,
758 1721 995 1772 assignatis
1017 1720 1184 1760 eisdem
1203 1734 1279 1773 per
1301 1734 1380 1760 nos
1396 1721 1525 1761 certis
1543 1721 1831 1771 auditoribus,

154 1788 370 1837 videlicet,
404 1787 596 1828 dominis
635 1788 851 1827 Nicholao
889 1789 943 1828 de
982 1789 1179 1837 Cnouile,
1212 1789 1539 1837 Heoefordensi,
1576 1796 1620 1830 et
1656 1791 1833 1844 Rogero

157 1858 274 1906 Burt,
292 1856 588 1897 Lichfeldensi
606 1857 840 1903 canonicis,
856 1857 1252 1898 administrationis
1268 1872 1345 1898 sue
1359 1857 1415 1898 de
1433 1858 1560 1897 bonis
1575 1859 1829 1899 testamenti

154 1926 338 1979 predicti
375 1925 661 1966 reddiderunt
699 1926 830 1966 finale
868 1927 1145 1967 ratiocinium
1180 1934 1223 1967 et
1256 1927 1396 1976 fidele,
1419 1934 1548 1980 prout
1572 1941 1648 1980 per
1685 1928 1828 1981 ipsum

153 2001 469 2035 testamentum
522 1995 747 2034 codicillos
790 1995 1002 2048 ejusdem,
1046 1997 1189 2048 ipsum
1234 1996 1527 2036 inventarium
1571 2010 1621 2036 ac
1666 1996 1830 2036 rotulos

153 2063 288 2116 ipsius
311 2063 505 2115 compoti
541 2063 705 2116 liquere
738 2065 899 2117 poterit
933 2064 1176 2105 manifeste.
1243 2065 1311 2104 De
1342 2078 1530 2117 quorum
1564 2065 1763 2104 omnium
1787 2072 1830 2105 et

154 2133 426 2186 singulorum
461 2133 857 2182 administratione,
890 2141 934 2174 et
969 2135 1104 2187 ipsius
1140 2135 1395 2174 testamenti
1432 2135 1708 2183 executione,
1737 2149 1831 2188 pre-

153 2202 296 2242 dictos
328 2208 589 2242 executores
622 2216 776 2242 omnes
809 2210 853 2242 et
885 2203 1082 2256 singulos
1114 2203 1385 2244 absolvimus
1419 2217 1494 2256 per
1526 2211 1764 2256 presentes,
1786 2210 1831 2245 et

156 2271 499 2324 pronunciamus
522 2271 723 2311 absolute
745 2272 929 2324 quietos.
997 2272 1046 2311 In
1070 2272 1195 2325 cujus
1220 2273 1277 2312 rei
1306 2273 1611 2312 testimonium
1636 2273 1827 2325 sigillum

154 2346 352 2379 nostrum
377 2340 654 2392 presentibus
673 2339 885 2380 duximus
900 2341 1228 2393 apponendum.
1294 2341 1459 2381 Actum
1475 2347 1518 2381 et
1537 2340 1690 2381 datum
1712 2341 1828 2394 apud

155 2408 455 2461 Suthmalling
473 2407 613 2461 pridie
636 2409 840 2462 ka1.Julii
864 2423 981 2449 anno
1002 2410 1182 2450 Domini
1200 2410 1524 2459 m⁰cc⁰lxxxiii⁰,
1540 2410 1829 2451 ordinationis

159 2483 306 2517 nostre
328 2477 494 2529 quinto.

154 2590 394 2633 [Exemplc'on
408 2591 516 2633 from
540 2589 742 2633 rendering
765 2602 814 2623 aa
838 2596 989 2625 account
1010 2596 1044 2626 lo
1070 2592 1199 2637 Hcmy
1223 2593 1361 2636 Loveb]

274 2659 374 2698 PRO
409 2658 672 2699 MAGIsTRo
708 2659 945 2701 HENRIco
980 2661 1150 2701 LovuL
1188 2662 1515 2703 SENEsCALLo
1549 2670 1826 2702 TERRARUM

157 2737 221 2767 DE
243 2736 476 2768 COMI’OTO
502 2736 605 2767 NON
630 2730 1209 2770 REDDENI)O.—Unix-*ersis
1233 2735 1457 2782 presentes
1474 2729 1640 2769 litteras
1660 2730 1828 2783 inspec-

156 2797 275 2844 turis,
317 2795 450 2836 frater
499 2795 737 2848 Johannes,
778 2804 870 2845 etc,
913 2798 1100 2838 salutem
1160 2799 1202 2838 in
1255 2798 1451 2838 Domino
1503 2798 1829 2851 sempiternam.

159 2864 341 2905 Noverit
384 2864 643 2905 universitas
685 2872 829 2905 vestra
870 2866 988 2919 quod
1033 2867 1133 2907 licet
1175 2867 1361 2908 dilectus
1394 2867 1519 2907 nobis
1563 2867 1605 2907 in
1649 2867 1826 2908 Christo

158 2933 366 2987 magister
422 2933 639 2973 Henricus
695 2934 841 2983 Lovel,
889 2936 1154 2976 senescallus
1207 2942 1418 2976 terrarum
1468 2942 1728 2984 nostrarum,
1776 2935 1831 2976 de

157 3002 539 3043 administratione
567 3016 645 3042 sua
678 3017 756 3055 pro
779 3010 979 3057 tempore
1012 3019 1099 3057 quo
1128 3005 1392 3045 senescallus
1426 3011 1574 3045 noster
1602 3005 1755 3045 extitit
1786 3012 1830 3045 et

161 3070 315 3110 existit
341 3070 509 3110 ratione
542 3070 671 3123 hujus
702 3071 844 3121 officii,
878 3073 1153 3113 ratiocinium
1189 3073 1370 3114 reddere
1403 3074 1585 3113 minime
1618 3079 1831 3123 teneatur,

160 3139 356 3179 volentes
410 3145 558 3178 tamen
614 3139 693 3179 sibi
738 3142 987 3194 prospicere
1030 3142 1071 3182 in
1116 3142 1308 3182 futurum
1352 3155 1531 3182 omnem
1575 3141 1828 3194 hujusmodi
