<?xml version="1.0" encoding="UTF-8"?>
<!DOCTYPE html PUBLIC "-//W3C//DTD XHTML 1.0 Transitional//EN"
    "http://www.w3.org/TR/xhtml1/DTD/xhtml1-transitional.dtd">
<html xmlns="http://www.w3.org/1999/xhtml" xml:lang="en" lang="en">
 <head>
  <title>
</title>
<meta http-equiv="Content-Type" content="text/html;charset=utf-8" />
  <meta name='ocr-system' content='tesseract 3.04.00' />
  <meta name='ocr-capabilities' content='ocr_page ocr_carea ocr_par ocr_line ocrx_word'/>
</head>
<body>
  <div class='ocr_page' id='page_1' title='image "./dioecesiscantuar643cath_0116.png"; bbox 0 0 2023 3453; ppageno 0'>
   <div class='ocr_carea' id='block_1_1' title="bbox 137 164 1800 229">
    <p class='ocr_par' dir='ltr' id='par_1_1' title="bbox 137 164 1800 229">
     <span class='ocr_line' id='line_1_1' title="bbox 137 164 1800 229; baseline -0.001 -17"><span class='ocrx_word' id='word_1_1' title='bbox 137 182 159 211; x_wconf 86' lang='lat'>2</span> <span class='ocrx_word' id='word_1_2' title='bbox 168 168 228 226; x_wconf 82' lang='lat'>38</span> <span class='ocrx_word' id='word_1_3' title='bbox 533 165 821 228; x_wconf 69' lang='lat' dir='ltr'>Registrum</span> <span class='ocrx_word' id='word_1_4' title='bbox 845 165 1101 229; x_wconf 66' lang='lat' dir='ltr'>johannis</span> <span class='ocrx_word' id='word_1_5' title='bbox 1136 164 1349 211; x_wconf 71' lang='lat' dir='ltr'>Pecham</span> <span class='ocrx_word' id='word_1_6' title='bbox 1523 164 1641 228; x_wconf 89' lang='lat' dir='ltr'>[A.D.</span> <span class='ocrx_word' id='word_1_7' title='bbox 1678 166 1800 211; x_wconf 84' lang='lat'>1286</span> 
     </span>
    </p>
   </div>
   <div class='ocr_carea' id='block_1_2' title="bbox 132 323 1801 641">
    <p class='ocr_par' dir='ltr' id='par_1_2' title="bbox 132 323 1801 641">
     <span class='ocr_line' id='line_1_2' title="bbox 133 323 1800 377; baseline -0.001 -12"><span class='ocrx_word' id='word_1_8' title='bbox 133 324 349 377; x_wconf 86' lang='lat' dir='ltr'>Slyndon,</span> <span class='ocrx_word' id='word_1_9' title='bbox 371 325 593 365; x_wconf 80' lang='lat' dir='ltr'>emanavit</span> <span class='ocrx_word' id='word_1_10' title='bbox 616 325 761 365; x_wconf 85' lang='lat' dir='ltr'>littera</span> <span class='ocrx_word' id='word_1_11' title='bbox 782 324 974 364; x_wconf 88' lang='lat' dir='ltr'>dominis</span> <span class='ocrx_word' id='word_1_12' title='bbox 998 324 1226 365; x_wconf 79' lang='lat' dir='ltr'>Salomoni</span> <span class='ocrx_word' id='word_1_13' title='bbox 1249 324 1304 364; x_wconf 90' lang='lat' dir='ltr'>de</span> <span class='ocrx_word' id='word_1_14' title='bbox 1328 324 1459 364; x_wconf 83' lang='lat' dir='ltr'>Roffa</span> <span class='ocrx_word' id='word_1_15' title='bbox 1475 330 1520 364; x_wconf 92' lang='lat' dir='ltr'>et</span> <span class='ocrx_word' id='word_1_16' title='bbox 1537 324 1665 364; x_wconf 92' lang='lat' dir='ltr'>sociis</span> <span class='ocrx_word' id='word_1_17' title='bbox 1682 323 1800 376; x_wconf 89' lang='lat' dir='ltr'>apud</span> 
     </span>
     <span class='ocr_line' id='line_1_3' title="bbox 134 392 1800 446; baseline -0.001 -12"><span class='ocrx_word' id='word_1_18' title='bbox 134 393 396 446; x_wconf 86' lang='lat' dir='ltr'>Gypwicum</span> <span class='ocrx_word' id='word_1_19' title='bbox 428 394 471 433; x_wconf 92' lang='lat' dir='ltr'>in</span> <span class='ocrx_word' id='word_1_20' title='bbox 500 393 711 433; x_wconf 88' lang='lat' dir='ltr'>comitatu</span> <span class='ocrx_word' id='word_1_21' title='bbox 737 392 978 434; x_wconf 82' lang='lat' dir='ltr'>Suffolchie</span> <span class='ocrx_word' id='word_1_22' title='bbox 1011 392 1330 440; x_wconf 80' lang='lat' dir='ltr'>itinerantibus,</span> <span class='ocrx_word' id='word_1_23' title='bbox 1352 392 1407 432; x_wconf 88' lang='lat' dir='ltr'>ad</span> <span class='ocrx_word' id='word_1_24' title='bbox 1441 392 1800 432; x_wconf 90' lang='lat' dir='ltr'>denunciandum</span> 
     </span>
     <span class='ocr_line' id='line_1_4' title="bbox 134 460 1801 515; baseline -0.001 -13"><span class='ocrx_word' id='word_1_25' title='bbox 134 463 423 503; x_wconf 89' lang='lat' dir='ltr'>Edmundum</span> <span class='ocrx_word' id='word_1_26' title='bbox 447 463 502 502; x_wconf 90' lang='lat' dir='ltr'>de</span> <span class='ocrx_word' id='word_1_27' title='bbox 528 463 643 511; x_wconf 79' lang='lat' dir='ltr'>Hoo,</span> <span class='ocrx_word' id='word_1_28' title='bbox 667 468 844 515; x_wconf 91' lang='lat' dir='ltr'>propter</span> <span class='ocrx_word' id='word_1_29' title='bbox 876 475 976 501; x_wconf 89' lang='lat' dir='ltr'>suas</span> <span class='ocrx_word' id='word_1_30' title='bbox 999 461 1300 501; x_wconf 83' lang='lat' dir='ltr'>contumacias</span> <span class='ocrx_word' id='word_1_31' title='bbox 1329 467 1373 501; x_wconf 90' lang='lat' dir='ltr'>et</span> <span class='ocrx_word' id='word_1_32' title='bbox 1402 460 1592 501; x_wconf 87' lang='lat' dir='ltr'>offensas</span> <span class='ocrx_word' id='word_1_33' title='bbox 1621 475 1801 501; x_wconf 85' lang='lat' dir='ltr'>excom-</span> 
     </span>
     <span class='ocr_line' id='line_1_5' title="bbox 133 530 1800 583; baseline -0.001 -12"><span class='ocrx_word' id='word_1_34' title='bbox 133 532 419 579; x_wconf 87' lang='lat' dir='ltr'>municatum,</span> <span class='ocrx_word' id='word_1_35' title='bbox 448 540 491 571; x_wconf 91' lang='lat' dir='ltr'>et</span> <span class='ocrx_word' id='word_1_36' title='bbox 521 531 575 570; x_wconf 88' lang='lat' dir='ltr'>ad</span> <span class='ocrx_word' id='word_1_37' title='bbox 604 531 905 583; x_wconf 90' lang='lat' dir='ltr'>repellendum</span> <span class='ocrx_word' id='word_1_38' title='bbox 938 544 1038 570; x_wconf 91' lang='lat' dir='ltr'>eum</span> <span class='ocrx_word' id='word_1_39' title='bbox 1069 530 1125 569; x_wconf 91' lang='lat' dir='ltr'>ab</span> <span class='ocrx_word' id='word_1_40' title='bbox 1153 531 1273 569; x_wconf 88' lang='lat' dir='ltr'>omni</span> <span class='ocrx_word' id='word_1_41' title='bbox 1304 537 1403 570; x_wconf 88' lang='lat' dir='ltr'>actu</span> <span class='ocrx_word' id='word_1_42' title='bbox 1438 530 1649 583; x_wconf 80' lang='lat' dir='ltr'>legitimo,</span> <span class='ocrx_word' id='word_1_43' title='bbox 1675 537 1718 570; x_wconf 89' lang='lat' dir='ltr'>et</span> <span class='ocrx_word' id='word_1_44' title='bbox 1745 530 1800 570; x_wconf 91' lang='lat' dir='ltr'>ad</span> 
     </span>
     <span class='ocr_line' id='line_1_6' title="bbox 132 598 1125 641; baseline -0.003 0"><span class='ocrx_word' id='word_1_45' title='bbox 132 601 389 641; x_wconf 86' lang='lat' dir='ltr'>evitandum</span> <span class='ocrx_word' id='word_1_46' title='bbox 413 613 512 639; x_wconf 91' lang='lat' dir='ltr'>eum</span> <span class='ocrx_word' id='word_1_47' title='bbox 536 613 561 639; x_wconf 90' lang='lat' dir='ltr'>a</span> <span class='ocrx_word' id='word_1_48' title='bbox 583 599 895 638; x_wconf 81' lang='lat' dir='ltr'>communione</span> <span class='ocrx_word' id='word_1_49' title='bbox 919 598 1125 639; x_wconf 87' lang='lat' dir='ltr'>fidelium.</span> 
     </span>
    </p>
   </div>
   <div class='ocr_carea' id='block_1_3' title="bbox 129 699 1802 1712">
    <p class='ocr_par' dir='ltr' id='par_1_3' title="bbox 132 699 800 809">
     <span class='ocr_line' id='line_1_7' title="bbox 218 699 400 743; baseline -0.005 -11"><span class='ocrx_word' id='word_1_50' title='bbox 218 700 294 743; x_wconf 78' lang='lat' dir='ltr'>[Fo.</span> <span class='ocrx_word' id='word_1_51' title='bbox 315 699 400 742; x_wconf 82' lang='lat'>125.]</span> 
     </span>
     <span class='ocr_line' id='line_1_8' title="bbox 132 764 800 809; baseline -0.003 -10"><span class='ocrx_word' id='word_1_52' title='bbox 132 767 276 809; x_wconf 81' lang='lat' dir='ltr'>[Nolz&#39;ce</span> <span class='ocrx_word' id='word_1_53' title='bbox 288 767 334 809; x_wconf 87' lang='lat' dir='ltr'>of</span> <span class='ocrx_word' id='word_1_54' title='bbox 343 766 533 799; x_wconf 74' lang='lat' dir='ltr'>vz&#39;sz&#39;tation</span> <span class='ocrx_word' id='word_1_55' title='bbox 551 768 591 797; x_wconf 78' lang='lat' dir='ltr'>al</span> <span class='ocrx_word' id='word_1_56' title='bbox 610 764 800 807; x_wconf 68' lang='lat' dir='ltr'>Tarring]</span> 
     </span>
    </p>

    <p class='ocr_par' dir='ltr' id='par_1_4' title="bbox 129 833 1802 1712">
     <span class='ocr_line' id='line_1_9' title="bbox 247 833 1802 886; baseline -0.002 -10"><span class='ocrx_word' id='word_1_57' title='bbox 247 836 509 876; x_wconf 80' lang='lat' dir='ltr'>VISITATIO</span> <span class='ocrx_word' id='word_1_58' title='bbox 543 843 606 873; x_wconf 86' lang='lat' dir='ltr'>DE</span> <span class='ocrx_word' id='word_1_59' title='bbox 641 833 1104 873; x_wconf 77' lang='lat' dir='ltr'>TERINGE.—Frater</span> <span class='ocrx_word' id='word_1_60' title='bbox 1128 834 1366 886; x_wconf 81' lang='lat' dir='ltr'>Johannes,</span> <span class='ocrx_word' id='word_1_61' title='bbox 1399 840 1490 883; x_wconf 66' lang='lat' dir='ltr'>etc„</span> <span class='ocrx_word' id='word_1_62' title='bbox 1522 833 1684 874; x_wconf 84' lang='lat' dir='ltr'>dilecto</span> <span class='ocrx_word' id='word_1_63' title='bbox 1714 833 1802 873; x_wconf 90' lang='lat' dir='ltr'>filio</span> 
     </span>
     <span class='ocr_line' id='line_1_10' title="bbox 130 902 1801 956; baseline -0.001 -12"><span class='ocrx_word' id='word_1_64' title='bbox 130 905 300 945; x_wconf 88' lang='lat' dir='ltr'>decano</span> <span class='ocrx_word' id='word_1_65' title='bbox 323 903 378 943; x_wconf 92' lang='grc'>(16</span> <span class='ocrx_word' id='word_1_66' title='bbox 401 903 641 955; x_wconf 81' lang='lat' dir='ltr'>Terrynge,</span> <span class='ocrx_word' id='word_1_67' title='bbox 659 903 1074 955; x_wconf 83' lang='lat' dir='ltr'>salute1n‚gratiam,</span> <span class='ocrx_word' id='word_1_68' title='bbox 1089 909 1132 942; x_wconf 91' lang='lat' dir='ltr'>et</span> <span class='ocrx_word' id='word_1_69' title='bbox 1155 902 1525 943; x_wconf 81' lang='lat' dir='ltr'>benedictionem.</span> <span class='ocrx_word' id='word_1_70' title='bbox 1589 902 1706 956; x_wconf 77' lang='lat' dir='ltr'>Quia</span> <span class='ocrx_word' id='word_1_71' title='bbox 1720 902 1801 942; x_wconf 91' lang='lat' dir='ltr'>hac</span> 
     </span>
     <span class='ocr_line' id='line_1_11' title="bbox 131 970 1802 1024; baseline -0.001 -12"><span class='ocrx_word' id='word_1_72' title='bbox 131 973 312 1012; x_wconf 87' lang='lat' dir='ltr'>instanti</span> <span class='ocrx_word' id='word_1_73' title='bbox 336 971 543 1024; x_wconf 83' lang='lat' dir='ltr'>proxima</span> <span class='ocrx_word' id='word_1_74' title='bbox 565 977 721 1023; x_wconf 90' lang='lat' dir='ltr'>quarta</span> <span class='ocrx_word' id='word_1_75' title='bbox 744 971 849 1011; x_wconf 87' lang='lat' dir='ltr'>feria</span> <span class='ocrx_word' id='word_1_76' title='bbox 872 977 972 1024; x_wconf 92' lang='lat' dir='ltr'>post</span> <span class='ocrx_word' id='word_1_77' title='bbox 997 971 1297 1024; x_wconf 82' lang='lat' dir='ltr'>Epiphaniam</span> <span class='ocrx_word' id='word_1_78' title='bbox 1321 970 1592 1012; x_wconf 83' lang='lat' dir='ltr'>intendimus</span> <span class='ocrx_word' id='word_1_79' title='bbox 1614 970 1802 1011; x_wconf 90' lang='lat' dir='ltr'>decana-</span> 
     </span>
     <span class='ocr_line' id='line_1_12' title="bbox 130 1039 1802 1093; baseline -0.001 -12"><span class='ocrx_word' id='word_1_80' title='bbox 130 1048 223 1081; x_wconf 86' lang='lat' dir='ltr'>tum</span> <span class='ocrx_word' id='word_1_81' title='bbox 248 1048 385 1089; x_wconf 90' lang='lat' dir='ltr'>tuum,</span> <span class='ocrx_word' id='word_1_82' title='bbox 404 1040 578 1080; x_wconf 82' lang='lat' dir='ltr'>volente</span> <span class='ocrx_word' id='word_1_83' title='bbox 598 1040 804 1088; x_wconf 91' lang='lat' dir='ltr'>Domino,</span> <span class='ocrx_word' id='word_1_84' title='bbox 823 1040 1010 1089; x_wconf 88' lang='lat' dir='ltr'>visitare,</span> <span class='ocrx_word' id='word_1_85' title='bbox 1028 1039 1293 1080; x_wconf 80' lang='lat' dir='ltr'>mandamus</span> <span class='ocrx_word' id='word_1_86' title='bbox 1312 1041 1519 1093; x_wconf 86' lang='lat' dir='ltr'>quatinus</span> <span class='ocrx_word' id='word_1_87' title='bbox 1541 1039 1597 1080; x_wconf 92' lang='lat' dir='ltr'>de</span> <span class='ocrx_word' id='word_1_88' title='bbox 1618 1040 1802 1093; x_wconf 83' lang='lat' dir='ltr'>singulis</span> 
     </span>
     <span class='ocr_line' id='line_1_13' title="bbox 130 1108 1802 1164; baseline -0.001 -15"><span class='ocrx_word' id='word_1_89' title='bbox 130 1109 368 1164; x_wconf 91' lang='lat' dir='ltr'>parrochiis</span> <span class='ocrx_word' id='word_1_90' title='bbox 391 1109 673 1148; x_wconf 91' lang='lat' dir='ltr'>ecclesiarum</span> <span class='ocrx_word' id='word_1_91' title='bbox 697 1115 740 1148; x_wconf 91' lang='lat' dir='ltr'>et</span> <span class='ocrx_word' id='word_1_92' title='bbox 770 1108 1039 1161; x_wconf 84' lang='lat' dir='ltr'>capellarum</span> <span class='ocrx_word' id='word_1_93' title='bbox 1069 1116 1144 1148; x_wconf 90' lang='lat' dir='ltr'>tue</span> <span class='ocrx_word' id='word_1_94' title='bbox 1168 1108 1462 1160; x_wconf 89' lang='lat' dir='ltr'>jurisdictioni</span> <span class='ocrx_word' id='word_1_95' title='bbox 1490 1108 1802 1161; x_wconf 88' lang='lat' dir='ltr'>subjectarum,</span> 
     </span>
     <span class='ocr_line' id='line_1_14' title="bbox 129 1176 1802 1230; baseline 0 -13"><span class='ocrx_word' id='word_1_96' title='bbox 129 1179 235 1218; x_wconf 92' lang='lat' dir='ltr'>cites</span> <span class='ocrx_word' id='word_1_97' title='bbox 269 1177 563 1230; x_wconf 87' lang='lat' dir='ltr'>peremptorie</span> <span class='ocrx_word' id='word_1_98' title='bbox 594 1183 681 1216; x_wconf 89' lang='lat' dir='ltr'>tres</span> <span class='ocrx_word' id='word_1_99' title='bbox 714 1177 781 1217; x_wconf 86' lang='lat' dir='ltr'>vel</span> <span class='ocrx_word' id='word_1_100' title='bbox 814 1183 1003 1229; x_wconf 90' lang='lat' dir='ltr'>quatuor</span> <span class='ocrx_word' id='word_1_101' title='bbox 1034 1177 1149 1217; x_wconf 84' lang='lat' dir='ltr'>viros</span> <span class='ocrx_word' id='word_1_102' title='bbox 1182 1176 1430 1230; x_wconf 81' lang='lat' dir='ltr'>fidedignos</span> <span class='ocrx_word' id='word_1_103' title='bbox 1462 1183 1506 1217; x_wconf 93' lang='lat' dir='ltr'>et</span> <span class='ocrx_word' id='word_1_104' title='bbox 1538 1177 1802 1230; x_wconf 87' lang='lat' dir='ltr'>presbiteros</span> 
     </span>
     <span class='ocr_line' id='line_1_15' title="bbox 129 1245 1802 1300; baseline -0.001 -13"><span class='ocrx_word' id='word_1_105' title='bbox 129 1246 382 1294; x_wconf 87' lang='lat' dir='ltr'>earundem,</span> <span class='ocrx_word' id='word_1_106' title='bbox 409 1245 526 1298; x_wconf 90' lang='lat' dir='ltr'>quod</span> <span class='ocrx_word' id='word_1_107' title='bbox 558 1245 678 1285; x_wconf 90' lang='lat' dir='ltr'>dicto</span> <span class='ocrx_word' id='word_1_108' title='bbox 710 1245 781 1285; x_wconf 92' lang='lat' dir='ltr'>die</span> <span class='ocrx_word' id='word_1_109' title='bbox 810 1245 1027 1294; x_wconf 87' lang='lat' dir='ltr'>Mercurii,</span> <span class='ocrx_word' id='word_1_110' title='bbox 1058 1246 1100 1285; x_wconf 91' lang='lat' dir='ltr'>in</span> <span class='ocrx_word' id='word_1_111' title='bbox 1134 1246 1317 1286; x_wconf 89' lang='lat' dir='ltr'>ecclesia</span> <span class='ocrx_word' id='word_1_112' title='bbox 1343 1246 1398 1286; x_wconf 92' lang='lat' dir='ltr'>de</span> <span class='ocrx_word' id='word_1_113' title='bbox 1421 1247 1662 1300; x_wconf 83' lang='lat' dir='ltr'>Terrynge,</span> <span class='ocrx_word' id='word_1_114' title='bbox 1684 1260 1802 1286; x_wconf 90' lang='lat' dir='ltr'>corn-</span> 
     </span>
     <span class='ocr_line' id='line_1_16' title="bbox 130 1315 1802 1370; baseline 0 -14"><span class='ocrx_word' id='word_1_115' title='bbox 130 1323 313 1370; x_wconf 89' lang='lat' dir='ltr'>pareant</span> <span class='ocrx_word' id='word_1_116' title='bbox 335 1329 483 1356; x_wconf 91' lang='lat' dir='ltr'>coram</span> <span class='ocrx_word' id='word_1_117' title='bbox 508 1315 646 1363; x_wconf 90' lang='lat' dir='ltr'>nobis,</span> <span class='ocrx_word' id='word_1_118' title='bbox 669 1329 800 1368; x_wconf 88' lang='lat' dir='ltr'>super</span> <span class='ocrx_word' id='word_1_119' title='bbox 832 1315 1103 1367; x_wconf 85' lang='lat' dir='ltr'>requirendis</span> <span class='ocrx_word' id='word_1_120' title='bbox 1137 1315 1192 1355; x_wconf 93' lang='lat' dir='ltr'>ab</span> <span class='ocrx_word' id='word_1_121' title='bbox 1224 1317 1285 1356; x_wconf 89' lang='lat' dir='ltr'>eis</span> <span class='ocrx_word' id='word_1_122' title='bbox 1309 1317 1539 1357; x_wconf 88' lang='lat' dir='ltr'>veritatem</span> <span class='ocrx_word' id='word_1_123' title='bbox 1564 1316 1736 1365; x_wconf 89' lang='lat' dir='ltr'>dicturi,</span> <span class='ocrx_word' id='word_1_124' title='bbox 1758 1322 1802 1356; x_wconf 91' lang='lat' dir='ltr'>et</span> 
     </span>
     <span class='ocr_line' id='line_1_17' title="bbox 129 1384 1801 1439; baseline -0.001 -13"><span class='ocrx_word' id='word_1_125' title='bbox 129 1385 427 1426; x_wconf 85' lang='lat' dir='ltr'>visitationem</span> <span class='ocrx_word' id='word_1_126' title='bbox 461 1391 657 1424; x_wconf 89' lang='lat' dir='ltr'>nostram</span> <span class='ocrx_word' id='word_1_127' title='bbox 691 1384 733 1423; x_wconf 90' lang='lat' dir='ltr'>in</span> <span class='ocrx_word' id='word_1_128' title='bbox 767 1384 908 1423; x_wconf 88' lang='lat' dir='ltr'>forma</span> <span class='ocrx_word' id='word_1_129' title='bbox 940 1385 1153 1425; x_wconf 87' lang='lat' dir='ltr'>canonica</span> <span class='ocrx_word' id='word_1_130' title='bbox 1180 1386 1435 1438; x_wconf 85' lang='lat' dir='ltr'>suscepturi.</span> <span class='ocrx_word' id='word_1_131' title='bbox 1500 1385 1619 1439; x_wconf 77' lang='lat' dir='ltr'>Quid</span> <span class='ocrx_word' id='word_1_132' title='bbox 1653 1392 1801 1426; x_wconf 89' lang='lat' dir='ltr'>autem</span> 
     </span>
     <span class='ocr_line' id='line_1_18' title="bbox 129 1452 1802 1507; baseline -0.001 -13"><span class='ocrx_word' id='word_1_133' title='bbox 129 1455 281 1495; x_wconf 89' lang='lat' dir='ltr'>feceris</span> <span class='ocrx_word' id='word_1_134' title='bbox 308 1454 350 1493; x_wconf 94' lang='lat' dir='ltr'>in</span> <span class='ocrx_word' id='word_1_135' title='bbox 379 1454 460 1493; x_wconf 88' lang='lat' dir='ltr'>hac</span> <span class='ocrx_word' id='word_1_136' title='bbox 494 1459 617 1506; x_wconf 89' lang='lat' dir='ltr'>parte</span> <span class='ocrx_word' id='word_1_137' title='bbox 650 1466 729 1492; x_wconf 91' lang='lat' dir='ltr'>nos</span> <span class='ocrx_word' id='word_1_138' title='bbox 752 1452 872 1493; x_wconf 91' lang='lat' dir='ltr'>dicto</span> <span class='ocrx_word' id='word_1_139' title='bbox 905 1452 976 1493; x_wconf 90' lang='lat' dir='ltr'>die</span> <span class='ocrx_word' id='word_1_140' title='bbox 1009 1454 1329 1506; x_wconf 85' lang='lat' dir='ltr'>presentialiter</span> <span class='ocrx_word' id='word_1_141' title='bbox 1361 1454 1573 1494; x_wconf 88' lang='lat' dir='ltr'>certifices</span> <span class='ocrx_word' id='word_1_142' title='bbox 1606 1468 1683 1507; x_wconf 87' lang='lat' dir='ltr'>per</span> <span class='ocrx_word' id='word_1_143' title='bbox 1704 1460 1802 1494; x_wconf 89' lang='lat' dir='ltr'>tuas</span> 
     </span>
     <span class='ocr_line' id='line_1_19' title="bbox 131 1522 1800 1577; baseline -0.001 -14"><span class='ocrx_word' id='word_1_144' title='bbox 131 1530 334 1577; x_wconf 90' lang='lat' dir='ltr'>patentes</span> <span class='ocrx_word' id='word_1_145' title='bbox 357 1523 525 1562; x_wconf 83' lang='lat' dir='ltr'>litteras</span> <span class='ocrx_word' id='word_1_146' title='bbox 548 1522 703 1561; x_wconf 88' lang='lat' dir='ltr'>harum</span> <span class='ocrx_word' id='word_1_147' title='bbox 727 1523 883 1562; x_wconf 89' lang='lat' dir='ltr'>seriem</span> <span class='ocrx_word' id='word_1_148' title='bbox 907 1522 1195 1562; x_wconf 86' lang='lat' dir='ltr'>continentes.</span> <span class='ocrx_word' id='word_1_149' title='bbox 1258 1523 1427 1563; x_wconf 87' lang='lat' dir='ltr'>Valete.</span> <span class='ocrx_word' id='word_1_150' title='bbox 1493 1523 1660 1563; x_wconf 89' lang='lat' dir='ltr'>Datum</span> <span class='ocrx_word' id='word_1_151' title='bbox 1684 1522 1800 1576; x_wconf 89' lang='lat' dir='ltr'>apud</span> 
     </span>
     <span class='ocr_line' id='line_1_20' title="bbox 131 1590 1802 1644; baseline -0.001 -12"><span class='ocrx_word' id='word_1_152' title='bbox 131 1591 485 1644; x_wconf 78' lang='lat' dir='ltr'>Suthmallynge,</span> <span class='ocrx_word' id='word_1_153' title='bbox 518 1604 617 1630; x_wconf 93' lang='lat' dir='ltr'>non.</span> <span class='ocrx_word' id='word_1_154' title='bbox 649 1590 845 1643; x_wconf 90' lang='lat' dir='ltr'>Januarii</span> <span class='ocrx_word' id='word_1_155' title='bbox 878 1604 996 1630; x_wconf 91' lang='lat' dir='ltr'>anno</span> <span class='ocrx_word' id='word_1_156' title='bbox 1035 1591 1217 1630; x_wconf 88' lang='lat' dir='ltr'>Domini</span> <span class='ocrx_word' id='word_1_157' title='bbox 1258 1590 1596 1642; x_wconf 69' lang='lat' dir='ltr'>m⁰cc⁰lxxxvjt⁰,</span> <span class='ocrx_word' id='word_1_158' title='bbox 1628 1590 1802 1630; x_wconf 88' lang='lat' dir='ltr'>ordina-</span> 
     </span>
     <span class='ocr_line' id='line_1_21' title="bbox 130 1659 573 1712; baseline -0.005 -11"><span class='ocrx_word' id='word_1_159' title='bbox 130 1662 263 1702; x_wconf 90' lang='lat' dir='ltr'>tionis</span> <span class='ocrx_word' id='word_1_160' title='bbox 286 1668 434 1701; x_wconf 91' lang='lat' dir='ltr'>nostre</span> <span class='ocrx_word' id='word_1_161' title='bbox 457 1659 573 1712; x_wconf 76' lang='lat' dir='ltr'>viij⁰.¹</span> 
     </span>
    </p>
   </div>
   <div class='ocr_carea' id='block_1_4' title="bbox 131 1762 1802 1955">
    <p class='ocr_par' dir='ltr' id='par_1_5' title="bbox 131 1762 1802 1955">
     <span class='ocr_line' id='line_1_22' title="bbox 244 1762 1802 1817; baseline -0.001 -14"><span class='ocrx_word' id='word_1_162' title='bbox 244 1764 409 1817; x_wconf 71' lang='lat' dir='ltr'>[Letter</span> <span class='ocrx_word' id='word_1_163' title='bbox 438 1770 477 1802; x_wconf 74' lang='lat'>2‘0</span> <span class='ocrx_word' id='word_1_164' title='bbox 522 1763 715 1803; x_wconf 42' lang='lat' dir='ltr'>[ffVz‘llz&#39;am</span> <span class='ocrx_word' id='word_1_165' title='bbox 748 1763 798 1802; x_wconf 78' lang='lat' dir='ltr'>de</span> <span class='ocrx_word' id='word_1_166' title='bbox 829 1762 1072 1802; x_wconf 77' lang='lat' dir='ltr'>Hamellon.</span> <span class='ocrx_word' id='word_1_167' title='bbox 1135 1762 1296 1815; x_wconf 76' lang='lat' dir='ltr'>Regz&#39;st.</span> <span class='ocrx_word' id='word_1_168' title='bbox 1326 1763 1462 1815; x_wconf 68' lang='lat' dir='ltr'>Epist.</span> <span class='ocrx_word' id='word_1_169' title='bbox 1487 1762 1533 1817; x_wconf 88' lang='lat' dir='ltr'>s.</span> <span class='ocrx_word' id='word_1_170' title='bbox 1573 1762 1802 1811; x_wconf 74' lang='lat' dir='ltr'>Pecklmm,</span> 
     </span>
     <span class='ocr_line' id='line_1_23' title="bbox 131 1848 311 1882; baseline 0 -9"><span class='ocrx_word' id='word_1_171' title='bbox 131 1848 194 1882; x_wconf 78' lang='lat' dir='ltr'>zzz,</span> <span class='ocrx_word' id='word_1_172' title='bbox 304 1866 311 1873; x_wconf 90' lang='lat'><strong>.</strong></span> 
     </span>
     <span class='ocr_line' id='line_1_24' title="bbox 215 1832 1799 1955; baseline -0.001 -14"><span class='ocrx_word' id='word_1_173' title='bbox 215 1832 410 1955; x_wconf 58' lang='grc' dir='ltr'>ρῗὲἒΐίεν</span> <span class='ocrx_word' id='word_1_174' title='bbox 431 1908 470 1941; x_wconf 78' lang='lat'>2⁴0</span> <span class='ocrx_word' id='word_1_175' title='bbox 493 1901 561 1941; x_wconf 77' lang='lat' dir='ltr'>llze</span> <span class='ocrx_word' id='word_1_176' title='bbox 585 1900 801 1953; x_wconf 69' lang='lat' dir='ltr'>Subprior</span> <span class='ocrx_word' id='word_1_177' title='bbox 824 1901 878 1952; x_wconf 83' lang='lat' dir='ltr'>of</span> <span class='ocrx_word' id='word_1_178' title='bbox 892 1900 957 1941; x_wconf 79' lang='lat' dir='ltr'>St.</span> <span class='ocrx_word' id='word_1_179' title='bbox 980 1900 1203 1949; x_wconf 72' lang='lat' dir='ltr'>Martz&#39;n’s,</span> <span class='ocrx_word' id='word_1_180' title='bbox 1226 1901 1380 1940; x_wconf 73' lang='lat' dir='ltr'>Dover.</span> <span class='ocrx_word' id='word_1_181' title='bbox 1442 1900 1563 1950; x_wconf 70' lang='lat' dir='ltr'>llud,</span> <span class='ocrx_word' id='word_1_182' title='bbox 1582 1900 1644 1950; x_wconf 82' lang='lat' dir='ltr'>z&#39;z&#39;z&#39;,</span> <span class='ocrx_word' id='word_1_183' title='bbox 1666 1899 1799 1955; x_wconf 72' lang='lat' dir='ltr'><em>94I.]²</em></span> 
     </span>
    </p>
   </div>
   <div class='ocr_carea' id='block_1_5' title="bbox 129 2014 1805 2112">
    <p class='ocr_par' dir='ltr' id='par_1_6' title="bbox 129 2014 1805 2112">
     <span class='ocr_line' id='line_1_25' title="bbox 129 2014 1805 2060; baseline -0.002 -10"><span class='ocrx_word' id='word_1_184' title='bbox 129 2017 198 2060; x_wconf 84' lang='lat' dir='ltr'>[To</span> <span class='ocrx_word' id='word_1_185' title='bbox 214 2017 272 2050; x_wconf 67' lang='lat' dir='ltr'>tlte</span> <span class='ocrx_word' id='word_1_186' title='bbox 288 2019 433 2048; x_wconf 58' lang='lat' dir='ltr'>senalus</span> <span class='ocrx_word' id='word_1_187' title='bbox 448 2014 494 2058; x_wconf 84' lang='lat' dir='ltr'>of</span> <span class='ocrx_word' id='word_1_188' title='bbox 511 2014 714 2058; x_wconf 65' lang='lat' dir='ltr'>Winglmm</span> <span class='ocrx_word' id='word_1_189' title='bbox 732 2014 864 2047; x_wconf 72' lang='lat' dir='ltr'>clmrclz</span> <span class='ocrx_word' id='word_1_190' title='bbox 882 2014 967 2047; x_wconf 68' lang='lat' dir='ltr'>who</span> <span class='ocrx_word' id='word_1_191' title='bbox 983 2024 1045 2047; x_wconf 77' lang='lat' dir='ltr'>are</span> <span class='ocrx_word' id='word_1_192' title='bbox 1068 2017 1102 2047; x_wconf 84' lang='lat' dir='ltr'>to</span> <span class='ocrx_word' id='word_1_193' title='bbox 1113 2014 1281 2057; x_wconf 61' lang='lat' dir='ltr'>perform</span> <span class='ocrx_word' id='word_1_194' title='bbox 1306 2014 1403 2047; x_wconf 77' lang='lat' dir='ltr'>tlzez&#39;r</span> <span class='ocrx_word' id='word_1_195' title='bbox 1422 2014 1577 2047; x_wconf 67' lang='lat' dir='ltr'>services</span> <span class='ocrx_word' id='word_1_196' title='bbox 1600 2014 1670 2047; x_wconf 76' lang='lat' dir='ltr'>due</span> <span class='ocrx_word' id='word_1_197' title='bbox 1695 2017 1729 2048; x_wconf 86' lang='lat' dir='ltr'>to</span> <span class='ocrx_word' id='word_1_198' title='bbox 1745 2015 1805 2048; x_wconf 72' lang='lat' dir='ltr'>tlte</span> 
     </span>
     <span class='ocr_line' id='line_1_26' title="bbox 217 2071 379 2112; baseline -0.012 -8"><span class='ocrx_word' id='word_1_199' title='bbox 217 2071 379 2112; x_wconf 65' lang='lat' dir='ltr'>canons]</span> 
     </span>
    </p>
   </div>
   <div class='ocr_carea' id='block_1_6' title="bbox 130 2130 1804 2873">
    <p class='ocr_par' dir='ltr' id='par_1_7' title="bbox 130 2130 1804 2873">
     <span class='ocr_line' id='line_1_27' title="bbox 249 2130 1802 2184; baseline -0.001 -12"><span class='ocrx_word' id='word_1_200' title='bbox 249 2133 402 2172; x_wconf 89' lang='lat' dir='ltr'>Frater</span> <span class='ocrx_word' id='word_1_201' title='bbox 435 2131 674 2184; x_wconf 88' lang='lat' dir='ltr'>Johannes,</span> <span class='ocrx_word' id='word_1_202' title='bbox 710 2137 802 2179; x_wconf 88' lang='lat' dir='ltr'>etc.‚</span> <span class='ocrx_word' id='word_1_203' title='bbox 835 2130 1042 2170; x_wconf 92' lang='lat' dir='ltr'>omnibus</span> <span class='ocrx_word' id='word_1_204' title='bbox 1084 2136 1175 2170; x_wconf 90' lang='lat' dir='ltr'>tam</span> <span class='ocrx_word' id='word_1_205' title='bbox 1212 2130 1345 2170; x_wconf 91' lang='lat' dir='ltr'>libere</span> <span class='ocrx_word' id='word_1_206' title='bbox 1379 2130 1632 2170; x_wconf 89' lang='lat' dir='ltr'>tenentibus</span> <span class='ocrx_word' id='word_1_207' title='bbox 1669 2144 1802 2183; x_wconf 92' lang='lat' dir='ltr'>quam</span> 
     </span>
     <span class='ocr_line' id='line_1_28' title="bbox 130 2199 1803 2253; baseline -0.001 -11"><span class='ocrx_word' id='word_1_208' title='bbox 130 2202 225 2242; x_wconf 89' lang='lat' dir='ltr'>aliis</span> <span class='ocrx_word' id='word_1_209' title='bbox 248 2201 431 2241; x_wconf 88' lang='lat' dir='ltr'>ecclesie</span> <span class='ocrx_word' id='word_1_210' title='bbox 454 2207 602 2240; x_wconf 88' lang='lat' dir='ltr'>nostre</span> <span class='ocrx_word' id='word_1_211' title='bbox 625 2199 904 2253; x_wconf 87' lang='lat' dir='ltr'>prebendalis</span> <span class='ocrx_word' id='word_1_212' title='bbox 927 2199 982 2240; x_wconf 90' lang='lat' dir='ltr'>de</span> <span class='ocrx_word' id='word_1_213' title='bbox 1010 2199 1297 2252; x_wconf 80' lang='lat' dir='ltr'>Wengeham,</span> <span class='ocrx_word' id='word_1_214' title='bbox 1319 2199 1518 2249; x_wconf 88' lang='lat' dir='ltr'>salutern,</span> <span class='ocrx_word' id='word_1_215' title='bbox 1541 2200 1743 2252; x_wconf 83' lang='lat' dir='ltr'>gratiam,</span> <span class='ocrx_word' id='word_1_216' title='bbox 1759 2206 1803 2240; x_wconf 91' lang='lat' dir='ltr'>et</span> 
     </span>
     <span class='ocr_line' id='line_1_29' title="bbox 131 2269 1804 2322; baseline -0.002 -10"><span class='ocrx_word' id='word_1_217' title='bbox 131 2271 498 2312; x_wconf 88' lang='lat' dir='ltr'>benedictionem.</span> <span class='ocrx_word' id='word_1_218' title='bbox 545 2269 777 2317; x_wconf 56' lang='lat' dir='ltr'>Volumus</span> <span class='ocrx_word' id='word_1_219' title='bbox 795 2283 844 2308; x_wconf 89' lang='lat' dir='ltr'>ac</span> <span class='ocrx_word' id='word_1_220' title='bbox 863 2270 989 2309; x_wconf 86' lang='lat' dir='ltr'>vobis</span> <span class='ocrx_word' id='word_1_221' title='bbox 1008 2269 1285 2322; x_wconf 88' lang='lat' dir='ltr'>presentibus</span> <span class='ocrx_word' id='word_1_222' title='bbox 1305 2269 1580 2318; x_wconf 87' lang='lat' dir='ltr'>mandamus,</span> <span class='ocrx_word' id='word_1_223' title='bbox 1596 2269 1804 2321; x_wconf 87' lang='lat' dir='ltr'>quatinus</span> 
     </span>
     <span class='ocr_line' id='line_1_30' title="bbox 132 2338 1803 2381; baseline -0.002 0"><span class='ocrx_word' id='word_1_224' title='bbox 132 2340 354 2381; x_wconf 88' lang='lat' dir='ltr'>canonicis</span> <span class='ocrx_word' id='word_1_225' title='bbox 387 2339 548 2379; x_wconf 91' lang='lat' dir='ltr'>nostris</span> <span class='ocrx_word' id='word_1_226' title='bbox 577 2339 760 2378; x_wconf 90' lang='lat' dir='ltr'>ecclesie</span> <span class='ocrx_word' id='word_1_227' title='bbox 798 2345 945 2378; x_wconf 88' lang='lat' dir='ltr'>nostre</span> <span class='ocrx_word' id='word_1_228' title='bbox 980 2345 1223 2378; x_wconf 89' lang='lat' dir='ltr'>memorate</span> <span class='ocrx_word' id='word_1_229' title='bbox 1257 2339 1300 2377; x_wconf 92' lang='lat' dir='ltr'>in</span> <span class='ocrx_word' id='word_1_230' title='bbox 1334 2338 1540 2378; x_wconf 91' lang='lat' dir='ltr'>omnibus</span> <span class='ocrx_word' id='word_1_231' title='bbox 1569 2338 1625 2378; x_wconf 93' lang='lat' dir='ltr'>de</span> <span class='ocrx_word' id='word_1_232' title='bbox 1657 2345 1803 2378; x_wconf 91' lang='lat' dir='ltr'>cetero</span> 
     </span>
     <span class='ocr_line' id='line_1_31' title="bbox 132 2407 1804 2457; baseline -0.002 -7"><span class='ocrx_word' id='word_1_233' title='bbox 132 2409 385 2457; x_wconf 87' lang='lat' dir='ltr'>intendatis,</span> <span class='ocrx_word' id='word_1_234' title='bbox 422 2408 633 2448; x_wconf 85' lang='lat' dir='ltr'>facientes</span> <span class='ocrx_word' id='word_1_235' title='bbox 667 2407 847 2457; x_wconf 91' lang='lat' dir='ltr'>eisdem,</span> <span class='ocrx_word' id='word_1_236' title='bbox 884 2407 950 2448; x_wconf 88' lang='lat' dir='ltr'>vel</span> <span class='ocrx_word' id='word_1_237' title='bbox 989 2421 1140 2448; x_wconf 90' lang='lat' dir='ltr'>eorum</span> <span class='ocrx_word' id='word_1_238' title='bbox 1178 2413 1404 2448; x_wconf 89' lang='lat' dir='ltr'>attornato</span> <span class='ocrx_word' id='word_1_239' title='bbox 1440 2421 1515 2448; x_wconf 91' lang='lat' dir='ltr'>seu</span> <span class='ocrx_word' id='word_1_240' title='bbox 1557 2408 1804 2456; x_wconf 87' lang='lat' dir='ltr'>attornatis,</span> 
     </span>
     <span class='ocr_line' id='line_1_32' title="bbox 132 2477 1804 2529; baseline -0.001 -10"><span class='ocrx_word' id='word_1_241' title='bbox 132 2480 281 2520; x_wconf 88' lang='lat' dir='ltr'>omnia</span> <span class='ocrx_word' id='word_1_242' title='bbox 309 2478 485 2518; x_wconf 87' lang='lat' dir='ltr'>servitia</span> <span class='ocrx_word' id='word_1_243' title='bbox 517 2484 561 2517; x_wconf 91' lang='lat' dir='ltr'>et</span> <span class='ocrx_word' id='word_1_244' title='bbox 595 2477 939 2517; x_wconf 85' lang='lat' dir='ltr'>consuetudines</span> <span class='ocrx_word' id='word_1_245' title='bbox 973 2491 1059 2516; x_wconf 90' lang='lat' dir='ltr'>una</span> <span class='ocrx_word' id='word_1_246' title='bbox 1095 2490 1194 2516; x_wconf 88' lang='lat' dir='ltr'>cum</span> <span class='ocrx_word' id='word_1_247' title='bbox 1229 2477 1359 2517; x_wconf 91' lang='lat' dir='ltr'>sectis</span> <span class='ocrx_word' id='word_1_248' title='bbox 1393 2477 1610 2516; x_wconf 89' lang='lat' dir='ltr'>curiarum</span> <span class='ocrx_word' id='word_1_249' title='bbox 1640 2490 1726 2529; x_wconf 91' lang='lat' dir='ltr'>que</span> <span class='ocrx_word' id='word_1_250' title='bbox 1759 2483 1804 2517; x_wconf 91' lang='lat' dir='ltr'>et</span> 
     </span>
     <span class='ocr_line' id='line_1_33' title="bbox 133 2545 1803 2601; baseline -0.001 -13"><span class='ocrx_word' id='word_1_251' title='bbox 133 2562 241 2601; x_wconf 89' lang='lat' dir='ltr'>quas</span> <span class='ocrx_word' id='word_1_252' title='bbox 277 2547 332 2587; x_wconf 90' lang='lat' dir='ltr'>de</span> <span class='ocrx_word' id='word_1_253' title='bbox 362 2546 628 2587; x_wconf 88' lang='lat' dir='ltr'>tenementis</span> <span class='ocrx_word' id='word_1_254' title='bbox 659 2547 819 2585; x_wconf 89' lang='lat' dir='ltr'>nostris</span> <span class='ocrx_word' id='word_1_255' title='bbox 853 2546 993 2586; x_wconf 90' lang='lat' dir='ltr'>facere</span> <span class='ocrx_word' id='word_1_256' title='bbox 1023 2545 1324 2594; x_wconf 88' lang='lat' dir='ltr'>consuevistis,</span> <span class='ocrx_word' id='word_1_257' title='bbox 1347 2559 1420 2585; x_wconf 87' lang='lat' dir='ltr'>seu</span> <span class='ocrx_word' id='word_1_258' title='bbox 1452 2545 1506 2585; x_wconf 89' lang='lat' dir='ltr'>de</span> <span class='ocrx_word' id='word_1_259' title='bbox 1532 2545 1629 2597; x_wconf 88' lang='lat' dir='ltr'>jure</span> <span class='ocrx_word' id='word_1_260' title='bbox 1662 2545 1803 2586; x_wconf 88' lang='lat' dir='ltr'>facere</span> 
     </span>
     <span class='ocr_line' id='line_1_34' title="bbox 132 2613 1802 2667; baseline -0.002 -11"><span class='ocrx_word' id='word_1_261' title='bbox 132 2616 346 2656; x_wconf 89' lang='lat' dir='ltr'>debuistis</span> <span class='ocrx_word' id='word_1_262' title='bbox 366 2628 538 2655; x_wconf 92' lang='lat' dir='ltr'>necnon</span> <span class='ocrx_word' id='word_1_263' title='bbox 562 2615 818 2666; x_wconf 83' lang='lat' dir='ltr'>homagium</span> <span class='ocrx_word' id='word_1_264' title='bbox 844 2614 1101 2654; x_wconf 87' lang='lat' dir='ltr'>feoditatem</span> <span class='ocrx_word' id='word_1_265' title='bbox 1120 2620 1163 2654; x_wconf 91' lang='lat' dir='ltr'>et</span> <span class='ocrx_word' id='word_1_266' title='bbox 1186 2614 1393 2654; x_wconf 81' lang='lat' dir='ltr'>relevium</span> <span class='ocrx_word' id='word_1_267' title='bbox 1409 2613 1588 2666; x_wconf 89' lang='lat' dir='ltr'>quando</span> <span class='ocrx_word' id='word_1_268' title='bbox 1606 2614 1802 2667; x_wconf 80' lang='lat' dir='ltr'>contigit.</span> 
     </span>
     <span class='ocr_line' id='line_1_35' title="bbox 137 2682 1803 2738; baseline -0.001 -13"><span class='ocrx_word' id='word_1_269' title='bbox 137 2686 185 2725; x_wconf 93' lang='lat' dir='ltr'>In</span> <span class='ocrx_word' id='word_1_270' title='bbox 210 2685 523 2738; x_wconf 84' lang='lat' dir='ltr'>premissorum</span> <span class='ocrx_word' id='word_1_271' title='bbox 543 2684 860 2732; x_wconf 87' lang='lat' dir='ltr'>testimonium,</span> <span class='ocrx_word' id='word_1_272' title='bbox 878 2683 956 2723; x_wconf 89' lang='lat' dir='ltr'>has</span> <span class='ocrx_word' id='word_1_273' title='bbox 980 2683 1146 2723; x_wconf 88' lang='lat' dir='ltr'>litteras</span> <span class='ocrx_word' id='word_1_274' title='bbox 1170 2690 1342 2723; x_wconf 85' lang='lat' dir='ltr'>nostras</span> <span class='ocrx_word' id='word_1_275' title='bbox 1361 2682 1484 2722; x_wconf 91' lang='lat' dir='ltr'>vobis</span> <span class='ocrx_word' id='word_1_276' title='bbox 1507 2683 1597 2723; x_wconf 87' lang='lat' dir='ltr'>fieri</span> <span class='ocrx_word' id='word_1_277' title='bbox 1621 2683 1803 2724; x_wconf 90' lang='lat' dir='ltr'>fecimus</span> 
     </span>
     <span class='ocr_line' id='line_1_36' title="bbox 134 2751 1803 2808; baseline -0.002 -13"><span class='ocrx_word' id='word_1_278' title='bbox 134 2761 346 2808; x_wconf 78' lang='lat' dir='ltr'>patentes</span> <span class='ocrx_word' id='word_1_279' title='bbox 431 2754 596 2793; x_wconf 87' lang='lat' dir='ltr'>Datum</span> <span class='ocrx_word' id='word_1_280' title='bbox 642 2753 759 2806; x_wconf 89' lang='lat' dir='ltr'>apud</span> <span class='ocrx_word' id='word_1_281' title='bbox 809 2752 1072 2805; x_wconf 83' lang='lat' dir='ltr'>Wengham,</span> <span class='ocrx_word' id='word_1_282' title='bbox 1120 2753 1184 2792; x_wconf 83' lang='lat' dir='ltr'>ix0</span> <span class='ocrx_word' id='word_1_283' title='bbox 1232 2751 1314 2792; x_wconf 87' lang='lat' dir='ltr'>kal.</span> <span class='ocrx_word' id='word_1_284' title='bbox 1366 2752 1636 2802; x_wconf 80' lang='lat' dir='ltr'>Decembris,</span> <span class='ocrx_word' id='word_1_285' title='bbox 1685 2766 1803 2793; x_wconf 93' lang='lat' dir='ltr'>anno</span> 
     </span>
     <span class='ocr_line' id='line_1_37' title="bbox 136 2820 1375 2873; baseline -0.003 -10"><span class='ocrx_word' id='word_1_286' title='bbox 136 2823 317 2863; x_wconf 89' lang='lat' dir='ltr'>Domini</span> <span class='ocrx_word' id='word_1_287' title='bbox 342 2821 680 2873; x_wconf 82' lang='lat' dir='ltr'>m⁰cc⁰lxxxvij⁰.</span> <span class='ocrx_word' id='word_1_288' title='bbox 744 2820 1050 2862; x_wconf 87' lang='lat' dir='ltr'>Ordinationis</span> <span class='ocrx_word' id='word_1_289' title='bbox 1074 2826 1223 2860; x_wconf 89' lang='lat' dir='ltr'>nostre</span> <span class='ocrx_word' id='word_1_290' title='bbox 1245 2833 1375 2860; x_wconf 88' lang='lat' dir='ltr'>nono.</span> 
     </span>
    </p>
   </div>
   <div class='ocr_carea' id='block_1_7' title="bbox 135 2946 1803 3200">
    <p class='ocr_par' dir='ltr' id='par_1_8' title="bbox 135 2946 1803 3101">
     <span class='ocr_line' id='line_1_38' title="bbox 223 2946 1803 2991; baseline -0.001 -10"><span class='ocrx_word' id='word_1_291' title='bbox 223 2950 228 2967; x_wconf 92' lang='lat'>¹</span> <span class='ocrx_word' id='word_1_292' title='bbox 251 2951 282 2981; x_wconf 82' lang='lat' dir='ltr'><strong>A</strong></span> <span class='ocrx_word' id='word_1_293' title='bbox 294 2948 469 2991; x_wconf 83' lang='lat' dir='ltr'>marginal</span> <span class='ocrx_word' id='word_1_294' title='bbox 485 2953 569 2980; x_wconf 87' lang='lat' dir='ltr'>note</span> <span class='ocrx_word' id='word_1_295' title='bbox 587 2948 729 2990; x_wconf 84' lang='lat' dir='ltr'>against</span> <span class='ocrx_word' id='word_1_296' title='bbox 741 2947 814 2980; x_wconf 87' lang='lat' dir='ltr'>this</span> <span class='ocrx_word' id='word_1_297' title='bbox 832 2947 867 2979; x_wconf 89' lang='lat' dir='ltr'>in</span> <span class='ocrx_word' id='word_1_298' title='bbox 885 2957 905 2979; x_wconf 82' lang='lat' dir='ltr'>a</span> <span class='ocrx_word' id='word_1_299' title='bbox 923 2947 1014 2979; x_wconf 88' lang='lat' dir='ltr'>later</span> <span class='ocrx_word' id='word_1_300' title='bbox 1031 2946 1127 2979; x_wconf 86' lang='lat' dir='ltr'>hand</span> <span class='ocrx_word' id='word_1_301' title='bbox 1139 2946 1358 2979; x_wconf 79' lang='lat' dir='ltr'>:—·‘Littera</span> <span class='ocrx_word' id='word_1_302' title='bbox 1371 2946 1471 2989; x_wconf 91' lang='lat' dir='ltr'>quod</span> <span class='ocrx_word' id='word_1_303' title='bbox 1484 2947 1656 2979; x_wconf 86' lang='lat' dir='ltr'>dominus</span> <span class='ocrx_word' id='word_1_304' title='bbox 1669 2947 1731 2979; x_wconf 89' lang='lat' dir='ltr'>tali</span> <span class='ocrx_word' id='word_1_305' title='bbox 1743 2947 1803 2979; x_wconf 92' lang='lat' dir='ltr'>die</span> 
     </span>
     <span class='ocr_line' id='line_1_39' title="bbox 135 3001 1803 3044; baseline -0.002 -7"><span class='ocrx_word' id='word_1_306' title='bbox 135 3004 298 3037; x_wconf 88' lang='lat' dir='ltr'>intendet</span> <span class='ocrx_word' id='word_1_307' title='bbox 331 3004 480 3036; x_wconf 83' lang='lat' dir='ltr'>visitare</span> <span class='ocrx_word' id='word_1_308' title='bbox 513 3003 732 3036; x_wconf 85' lang='lat' dir='ltr'>decanatum</span> <span class='ocrx_word' id='word_1_309' title='bbox 766 3002 875 3035; x_wconf 84' lang='lat' dir='ltr'>talem</span> <span class='ocrx_word' id='word_1_310' title='bbox 908 3002 970 3035; x_wconf 87' lang='lat' dir='ltr'>tali</span> <span class='ocrx_word' id='word_1_311' title='bbox 1003 3002 1160 3034; x_wconf 88' lang='lat' dir='ltr'>ecclesia</span> <span class='ocrx_word' id='word_1_312' title='bbox 1176 3014 1183 3042; x_wconf 84' lang='lat'><em>3</em></span> <span class='ocrx_word' id='word_1_313' title='bbox 1215 3001 1291 3034; x_wconf 88' lang='lat' dir='ltr'>vult</span> <span class='ocrx_word' id='word_1_314' title='bbox 1317 3001 1417 3044; x_wconf 86' lang='lat' dir='ltr'>quod</span> <span class='ocrx_word' id='word_1_315' title='bbox 1448 3007 1548 3034; x_wconf 91' lang='lat' dir='ltr'>certe</span> <span class='ocrx_word' id='word_1_316' title='bbox 1573 3012 1730 3044; x_wconf 87' lang='lat' dir='ltr'>persone</span> <span class='ocrx_word' id='word_1_317' title='bbox 1756 3002 1803 3035; x_wconf 89' lang='lat' dir='ltr'>de</span> 
     </span>
     <span class='ocr_line' id='line_1_40' title="bbox 135 3057 694 3101; baseline -0.004 -10"><span class='ocrx_word' id='word_1_318' title='bbox 135 3059 290 3100; x_wconf 82' lang='lat' dir='ltr'>singulis</span> <span class='ocrx_word' id='word_1_319' title='bbox 308 3058 490 3101; x_wconf 83' lang='lat' dir='ltr'>parochiis</span> <span class='ocrx_word' id='word_1_320' title='bbox 508 3057 694 3090; x_wconf 81' lang='lat' dir='ltr'>citentur.&#39;&#39;</span> 
     </span>
    </p>

    <p class='ocr_par' dir='ltr' id='par_1_9' title="bbox 139 3109 1802 3200">
     <span class='ocr_line' id='line_1_41' title="bbox 225 3109 1802 3155; baseline -0.001 -10"><span class='ocrx_word' id='word_1_321' title='bbox 225 3114 237 3131; x_wconf 77' lang='lat'>²</span> <span class='ocrx_word' id='word_1_322' title='bbox 258 3113 434 3155; x_wconf 85' lang='lat' dir='ltr'>Marginal</span> <span class='ocrx_word' id='word_1_323' title='bbox 462 3117 546 3144; x_wconf 87' lang='lat' dir='ltr'>note</span> <span class='ocrx_word' id='word_1_324' title='bbox 563 3111 879 3154; x_wconf 71' lang='lat' dir='ltr'>z—“Privilegium</span> <span class='ocrx_word' id='word_1_325' title='bbox 896 3111 995 3154; x_wconf 93' lang='lat' dir='ltr'>quod</span> <span class='ocrx_word' id='word_1_326' title='bbox 1022 3110 1143 3143; x_wconf 88' lang='lat' dir='ltr'>nullus</span> <span class='ocrx_word' id='word_1_327' title='bbox 1168 3111 1376 3153; x_wconf 86' lang='lat' dir='ltr'>preficiatur</span> <span class='ocrx_word' id='word_1_328' title='bbox 1401 3111 1435 3143; x_wconf 84' lang='lat' dir='ltr'>in</span> <span class='ocrx_word' id='word_1_329' title='bbox 1466 3111 1624 3154; x_wconf 84' lang='lat' dir='ltr'>priorem</span> <span class='ocrx_word' id='word_1_330' title='bbox 1644 3109 1802 3144; x_wconf 86' lang='lat' dir='ltr'>Dovorie</span> 
     </span>
     <span class='ocr_line' id='line_1_42' title="bbox 139 3164 1149 3200; baseline -0.002 -1"><span class='ocrx_word' id='word_1_331' title='bbox 139 3167 208 3199; x_wconf 85' lang='lat' dir='ltr'>nisi</span> <span class='ocrx_word' id='word_1_332' title='bbox 228 3168 273 3200; x_wconf 87' lang='lat' dir='ltr'>sit</span> <span class='ocrx_word' id='word_1_333' title='bbox 291 3167 493 3199; x_wconf 84' lang='lat' dir='ltr'>monachus</span> <span class='ocrx_word' id='word_1_334' title='bbox 511 3167 668 3198; x_wconf 87' lang='lat' dir='ltr'>ecclesie</span> <span class='ocrx_word' id='word_1_335' title='bbox 686 3165 823 3198; x_wconf 83' lang='lat' dir='ltr'>Christi</span> <span class='ocrx_word' id='word_1_336' title='bbox 841 3164 1149 3198; x_wconf 81' lang='lat' dir='ltr'>Cantuariensis.’&#39;</span> 
     </span>
    </p>
   </div>
  </div>
 </body>
</html>
