2023 3453
139 206 183 236 A.
193 206 239 236 D.
271 207 285 235 1
300 206 323 235 2
334 191 361 235 8
374 189 418 252 1]
557 189 608 234 A
618 189 932 251 rclzz'epzscopz'
980 188 1022 235 C
1020 187 1368 234 antuariensz's.
1720 205 1729 232 ]
1747 201 1771 247 7
1782 203 1804 247 5

136 349 325 397 ordines,
354 355 398 388 et
432 348 517 388 alia
549 348 818 401 episcopalia
849 346 1099 387 exercenda
1134 347 1174 386 in
1211 346 1470 398 episcopatu
1498 346 1807 391 Wintoniensi,

138 417 242 457 sede
265 423 462 465 vacante,
484 417 693 469 quatinus
715 422 759 456 et
787 415 1012 468 quomodo
1046 429 1121 467 per
1143 414 1374 454 officialem
1409 420 1607 454 nostrum
1641 414 1807 454 fueritis

136 486 344 538 requisiti,
372 485 497 525 vobis
527 485 848 524 committimus
877 485 992 524 vices
1026 491 1208 529 nostras„
1237 482 1352 523 idem
1384 483 1589 522 omnibus
1620 496 1806 535 quorum

135 555 316 594 interest
358 560 508 593 tenore
560 553 830 605 presentium
884 553 1149 592 intimantes,
1226 551 1397 591 Valete.
1478 551 1645 590 Datum
1689 551 1805 603 apud

138 622 431 663 Mottesfunte
454 621 496 674 iij
522 622 604 662 kal.
628 622 834 674 januarii.

137 735 371 777 [Attestation
401 745 443 767 as
459 738 493 767 to
520 735 578 767 tlze
600 737 781 777 paymeut
806 735 851 777 os
861 736 955 777 part
973 734 1020 776 of
1038 744 1060 766 a
1088 734 1231 776 bequest
1250 734 1296 777 os
1306 745 1375 774 500
1399 733 1524 766 marks
1547 736 1580 766 to
1604 733 1662 765 tlze
1682 732 1809 765 Friars

222 789 424 822 Pwaclzers
440 789 486 831 of
499 788 710 831 German-12]

254 856 494 904 Universis,
526 863 605 896 etc.
670 855 853 896 Noverit
886 856 1146 895 universitas
1179 861 1323 895 vestra
1354 854 1473 907 quod
1507 855 1549 894 in
1588 855 1808 907 presentia

136 931 286 965 nostra
327 925 555 965 constituti
607 925 738 964 frater
778 924 999 964 Robertus
1039 923 1256 976 Anglicus
1298 930 1342 964 et
1378 923 1510 964 frater
1545 923 1807 964 Guillelmus

136 993 192 1033 de
224 994 399 1043 Sundis,
428 994 581 1034 fratres
613 994 668 1034 de
701 994 853 1034 ordine
887 993 1211 1046 predicatorum
1244 993 1299 1033 de
1332 994 1557 1046 provincia
1588 992 1808 1033 Theuton'

137 1077 214 1115 per
245 1063 505 1115 magistrum
544 1062 743 1114 ejusdem
783 1063 960 1111 ordinis,
991 1063 1179 1115 priorem
1216 1063 1528 1115 provincialem
1565 1077 1615 1102 ac
1652 1062 1807 1102 fratres

138 1132 361 1183 provincie
383 1131 583 1183 ejusdem
615 1138 919 1184 procuratores
942 1132 1182 1181 constituti,
1207 1138 1556 1183 recognoverunt
1578 1137 1620 1171 et
1649 1136 1808 1183 sponte

136 1200 323 1240 confessi
346 1207 448 1241 sunt
471 1201 513 1240 in
537 1201 766 1240 trescentis
790 1201 947 1240 marcis
969 1200 1279 1253 sterlingorum
1298 1200 1353 1240 de
1375 1200 1627 1253 quingentis
1651 1199 1808 1239 marcis

136 1269 179 1308 in
222 1276 490 1309 testamento
537 1269 673 1309 felicis
725 1269 1046 1309 recordacionis
1093 1269 1262 1309 domini
1312 1271 1360 1309 R.
1400 1269 1626 1322 quondam
1673 1268 1808 1320 Regis

137 1338 487 1387 Allemanorum,
521 1338 725 1378 fratribus
757 1338 955 1390 ejusdem
990 1338 1155 1378 ordinis
1193 1338 1353 1379 relictis
1394 1338 1611 1378 trescentis
1652 1337 1809 1377 marcis

136 1407 331 1459 recepisse
372 1407 477 1459 [last
517 1407 631 1447 three
672 1408 816 1446 words
851 1408 1019 1447 crossea'
1054 1407 1163 1460 out}
1206 1408 1293 1448 suis
1335 1422 1430 1448 esse
1472 1406 1807 1447 necessitatibus

135 1476 493 1525 satisfactionem,
516 1490 566 1516 ac
596 1477 713 1529 ipsos
747 1476 900 1516 fratres
923 1476 978 1517 de
1011 1477 1234 1530 premissis
1263 1477 1531 1517 sufficienter
1552 1483 1595 1516 et
1628 1476 1740 1516 bene
1762 1489 1808 1515 se

136 1552 337 1598 reputare
360 1552 541 1598 pacatos
565 1546 619 1586 ad
643 1560 829 1599 quorum
854 1547 1113 1599 petitionem
1138 1553 1364 1599 presentes
1398 1546 1564 1586 litteras
1591 1545 1721 1597 hujus
1749 1545 1806 1584 rei

135 1614 454 1654 testimoniales
483 1614 648 1654 eisdem
682 1616 979 1655 concessimus
1012 1622 1162 1655 nostro
1195 1615 1338 1668 sigillo
1372 1616 1574 1655 munitas.
1639 1615 1806 1654 Datum

136 1683 254 1736 apud
278 1684 466 1724 Poterne
489 1683 516 1735 ij
542 1697 639 1724 non.
666 1697 782 1723 anno
805 1684 938 1736 lxxxj
964 1685 1307 1725 consecrationis
1331 1692 1479 1725 nostre
1501 1685 1641 1724 tertio.

251 1752 414 1805 [Name
434 1753 488 1804 of
500 1753 644 1792 moreth
666 1754 846 1792 mnittea'
863 1754 907 1792 in
930 1753 1146 1806 ol‘zgz'aal]

253 1854 417 1907 [Letter
437 1861 475 1894 to
499 1854 566 1894 the
587 1855 861 1894 Archdeacan
891 1856 944 1906 (gf
956 1855 1109 1906 Derby.
1171 1856 1332 1908 Regz'st.
1356 1856 1493 1907 Epist.
1508 1856 1552 1909 J.
1578 1854 1806 1900 Peclelmm,

137 1938 162 1969 2,
186 1936 241 1963 20
274 1957 280 1964 .

237 1923 419 2044 {linter
439 1999 477 2031 to
500 1992 567 2031 tlte
588 1992 749 2044 Bz'sltop
771 1993 824 2044 of
840 1992 1048 2044 avenay
1069 1994 1162 2033 (md
1178 1993 1395 2046 Lz'cllfield.
1458 1993 1578 2042 llud,
1601 1993 1627 2041 ί,
1650 1992 1765 2045 205]

224 2105 301 2148 [ΡΟ.
318 2106 414 2147 96b.]

256 2167 390 2207 Anno
413 2168 756 2208 consecrationis
779 2168 947 2207 domini
970 2169 1109 2208 tertio.

140 2249 293 2292 [Littera
309 2250 485 2293 captionis
500 2251 652 2294 against
665 2251 793 2284 Simon
810 2251 842 2283 le
858 2251 988 2292 Neve]

257 2317 477 2357 LITTERE
510 2327 771 2359 CAPTIONIS
804 2327 1005 2359 CONTRA
1030 2318 1269 2359 SIMONEM
1305 2328 1364 2358 LE
1399 2319 1540 2358 NEVE
1565 2319 1805 2358 WINTON-

140 2395 299 2430 IENSIS
338 2387 811 2427 DIOCOESIS.——Anno
843 2388 984 2440 gratia
1015 2387 1141 2427 mocco
1157 2388 1429 2441 octogesimo
1458 2388 1610 2440 primo,
1632 2393 1676 2427 et
1703 2400 1804 2426 con-

140 2455 394 2495 secrationis
416 2455 583 2495 domini
607 2457 748 2505 tertio,
772 2456 827 2496 vii
852 2456 949 2496 idus
971 2456 1086 2508 Julii,
1109 2459 1332 2497 emanavit
1355 2457 1499 2497 littera
1521 2456 1737 2509 captionis
1761 2456 1803 2494 in

140 2522 280 2563 forma
321 2532 532 2564 consueta
561 2525 678 2578 apud
714 2525 941 2578 Slvndon’,
975 2526 1030 2565 ad
1078 2527 1334 2566 instantiam
1372 2525 1607 2578 Maynardi
1642 2525 1803 2578 Rogeri

142 2592 410 2641 Mercatoris‚
452 2600 604 2634 contra
647 2594 874 2635 Simonem
914 2595 954 2634 le
993 2595 1126 2644 Neve,
1162 2596 1482 2644 Wintoniensis
1516 2594 1713 2643 diocesis,
1748 2594 1803 2634 ad

140 2661 442 2701 testimonium
466 2663 663 2715 magistri
680 2662 781 2702 Ade
796 2663 851 2703 de
872 2663 1020 2712 Hales,
1044 2664 1238 2704 custodis
1262 2664 1581 2717 spiritualitatis
1600 2663 1803 2703 Winton-

141 2729 284 2778 iensis,
314 2730 418 2770 sede
441 2739 635 2780 vacante,
658 2732 781 2784 cujus
804 2732 946 2772 littere
970 2740 1198 2772 remanent
1221 2746 1355 2786 penes
1378 2732 1618 2772 dominum.

263 2845 428 2898 [Letter
442 2852 482 2886 to
500 2846 567 2885 tlze
582 2846 742 2898 Bz‘slzop
759 2848 812 2897 of
823 2848 948 2888 Balla.
1011 2848 1171 2900 Regz'st.
1190 2848 1326 2899 Epist.
1342 2848 1385 2901 s.
1401 2847 1627 2895 Peclelzam,
1646 2847 1672 2895 2',
1689 2846 1803 2900 209]

142 2958 295 2999 [Littera
310 2958 487 3000 captionis
501 2959 655 3002 against
666 2959 725 2992 tlte
740 2960 858 2993 Abbot
870 2961 916 3003 of
929 2960 1198 3003 Combermere]

259 3025 479 3066 LITTERE
517 3035 779 3068 CAPTIONIS
816 3037 1017 3068 CONTRA
1053 3028 1298 3068 ABBATEM
1332 3037 1396 3067 DE
1440 3028 1803 3076 COMBERMARE‚

144 3094 443 3134 Ero—Anno
465 3102 508 3134 et
534 3095 630 3135 loco
659 3096 825 3136 eisdem
861 3096 901 3148 vj
939 3096 1021 3136 kal.
1047 3097 1250 3149 Augusti,
1273 3097 1495 3137 emanavit
1529 3097 1674 3137 littera
1702 3110 1802 3149 cap-

142 3162 273 3202 tionis
315 3169 467 3204 contra
510 3164 734 3206 Abbatem
778 3164 833 3206 de
865 3165 1190 3214 Combermare,
1222 3165 1398 3205 fratrem
1433 3165 1704 3206 Willelmum
1748 3165 1802 3206 de
