2023 3453
144 166 238 210 240
542 150 832 212 Regz'strum
855 148 1112 213 joliannis
1147 148 1360 195 Pecham
1532 147 1649 211 [A.D.
1687 149 1807 206 1287

257 311 455 351 Thomas
478 310 533 350 de
559 310 852 363 Maydestane
875 309 930 349 ad
954 309 1131 349 titulum
1155 309 1409 362 patrimonii
1433 309 1510 358 sui,
1532 314 1581 348 ut
1603 308 1721 348 alias.

255 380 482 432 Johannes
535 379 590 419 de
644 379 881 418 Adburton
937 378 992 418 ad
1050 378 1424 431 presentationem
1477 377 1632 418 decani
1677 377 1809 419 Suth-

143 449 471 503 mallyngensis.

260 519 520 558 Dunstanus
549 517 604 557 de
632 517 798 558 Sancto
831 517 1026 556 Martino
1055 517 1188 569 juxta
1219 516 1518 565 Cantuariam,
1540 516 1595 556 ad
1632 516 1809 557 titulum

143 587 400 626 monialium
425 586 577 627 Sancti
601 585 800 637 Sepulcri
825 584 1167 625 Cantuariensis.

255 656 482 708 Johannes
504 654 560 694 de
584 654 780 703 Preston‚
804 653 1134 695 Cantuariensis
1156 654 1355 702 diocesis,
1379 653 1434 694 ad
1466 653 1644 694 titulum
1677 653 1811 694 feofa-

144 724 281 765 menti
307 723 489 764 Roberti
513 722 568 762 de
592 723 787 763 Preston.

260 793 413 832 Frater
438 791 653 831 Ricardus
676 791 731 831 de
755 791 874 844 Boys
897 791 953 831 de
975 791 1129 831 ordine
1154 791 1384 831 minorum.

259 861 483 902 Gilbertus
531 860 586 900 de
635 860 864 913 Egemere,
914 860 1224 913 Norwycensis
1271 859 1471 909 diocesis,
1522 874 1598 913 per
1645 860 1813 900 litteras

142 929 425 978 dimissorias,
466 928 521 969 ad
565 928 741 968 titulum
784 935 828 969 et
872 929 1248 981 presentationem
1293 928 1490 981 magistri
1531 927 1715 968 Walteri
1758 928 1814 968 de

144 998 412 1041 Chichefeld.

262 1067 601 1108 Bartholomeus
619 1066 674 1108 de
693 1066 859 1108 Sancto
877 1067 1071 1107 Martino
1091 1066 1223 1119 juxta
1242 1066 1539 1116 Cantuariam,
1556 1066 1611 1106 ad
1635 1066 1813 1107 titulum

145 1136 397 1191 patrimonii
422 1136 498 1176 sui.

262 1204 479 1245 Ricardus
521 1204 576 1244 de
621 1205 816 1253 Smethe,
857 1204 913 1244 ad
946 1204 1125 1244 titulum
1160 1210 1203 1244 et
1239 1205 1612 1257 presentationem
1647 1204 1815 1244 domini

145 1275 332 1323 Thome‚
354 1274 534 1314 rectoris
556 1274 738 1314 ecclesie
761 1273 816 1313 de
839 1273 1093 1314 Chartham.

261 1343 459 1383 Thomas
485 1342 652 1395 Jordan
688 1342 743 1383 de
775 1342 1056 1395 Maydestan,
1085 1343 1140 1383 ad
1176 1342 1354 1383 titulum
1391 1343 1644 1396 patrimonii
1675 1343 1753 1392 sui,
1775 1350 1819 1383 et

145 1412 199 1453 ad
225 1412 601 1465 presentationem
626 1412 805 1452 rectoris
828 1410 1041 1463 ejusdem.

264 1480 481 1521 Ricardus
515 1480 571 1521 de
606 1480 647 1520 la
676 1480 819 1533 Wyle,
854 1488 995 1520 rector
1031 1480 1214 1521 ecclesie
1251 1480 1306 1520 de
1340 1480 1653 1529 Childefrome,
1681 1481 1818 1522 Saris-

146 1550 362 1590 buriensis
384 1549 583 1590 diocesis

260 1618 487 1672 Johannes
509 1618 564 1658 de
589 1617 833 1670 Osprenge,
856 1618 910 1657 ad
934 1618 1112 1657 titulum
1137 1618 1390 1670 patrimonii
1415 1619 1492 1667 sui,
1516 1625 1562 1658 ut
1585 1618 1704 1659 alias.

264 1687 526 1736 Willelrnus,
550 1693 691 1726 rector
712 1687 896 1726 ecclesie
920 1687 1072 1727 Sancti
1095 1687 1250 1739 Jacobi
1274 1687 1329 1727 de
1354 1687 1560 1727 Dovoria.

266 1758 430 1797 Rector
451 1756 634 1796 ecclesie
656 1756 711 1796 de
738 1755 966 1796 Halstede.

267 1824 494 1873 Ricardus‚
518 1831 658 1865 rector
680 1824 863 1865 ecclesie
885 1824 940 1864 de
967 1824 1265 1877 Heytheham.

264 1895 500 1943 walterus
524 1901 666 1934 rector
688 1894 871 1934 ecclesie
894 1894 949 1934 de
975 1894 1159 1934 Norton.

265 1963 486 2004 Walterus
540 1963 595 2003 de
644 1962 811 2003 Candel
864 1963 1087 2016 Episcopi,
1137 1963 1477 2004 Sarisburiensis
1527 1962 1715 2003 diocesis
1765 1963 1820 2003 ad

150 2033 524 2086 presentationem
563 2032 762 2072 officialis
796 2032 1148 2081 Sarisburiensis,
1181 2032 1285 2072 sede
1318 2038 1516 2081 vacante,
1548 2032 1603 2072 ad
1643 2032 1821 2072 titulum

149 2101 317 2141 domini
342 2101 538 2141 Galfridi.

236 2217 455 2257 DIACONI
492 2218 808 2257 PRESENTATI
845 2226 935 2256 PER
969 2216 1283 2258 OFFICIALEM
1318 2216 1728 2258 CYCESTRENSEM.

267 2303 489 2342 Walterus
512 2303 567 2342 de
592 2303 877 2343 Ecctheham.
1106 2303 1258 2343 Frater
1282 2303 1437 2343 Petrus
1459 2302 1514 2342 de
1539 2303 1729 2343 Calceto.

268 2372 431 2411 Rector
452 2371 634 2411 ecclesie
657 2371 711 2411 de
735 2371 926 2411 Toliton.
1108 2372 1261 2411 Frater
1315 2371 1539 2412 Galfridus
1597 2371 1652 2411 de
1705 2372 1825 2411 Box-

267 2440 516 2481 Willelmus
537 2440 686 2492 Jacob.
1162 2454 1305 2493 grave.

269 2510 483 2550 Ricardus
506 2509 560 2549 de
585 2509 785 2562 Fyndon.
1108 2509 1355 2549 VVillelmus
1377 2510 1432 2549 de
1455 2510 1651 2558 Preston‚

272 2578 491 2618 Henricus
514 2577 569 2617 de
594 2578 896 2630 Kyngestone.
1108 2578 1278 2630 Symon
1306 2578 1361 2618 de
1385 2578 1592 2619 Gardino.

273 2648 492 2687 Henricus
514 2647 569 2686 de
593 2646 789 2699 Abyton.
1106 2646 1342 2687 Gervasius
1364 2646 1419 2687 de
1443 2647 1634 2688 Calceto.

518 2763 816 2803 PRESBITERI
849 2771 1047 2803 ADMISSI
1083 2772 1175 2802 PER
1209 2771 1464 2803 DOMINUM.

272 2849 437 2889 Rector
458 2848 640 2888 ecclesie
662 2847 717 2888 de
741 2847 959 2900 Slyndon,
982 2854 1123 2888 rector
1145 2848 1330 2889 ecclesie
1352 2848 1407 2888 de
1433 2848 1643 2888 Louente.

271 2917 523 2957 Willelmus
564 2917 619 2957 de
663 2916 892 2965 Bocstede‚
931 2916 985 2957 ad
1029 2918 1404 2970 presentationem
1454 2917 1623 2957 domini
1666 2917 1823 2957 decani

159 2986 590 3039 Suthmallingensis.

271 3055 497 3108 Johannes
520 3055 575 3095 de
607 3055 836 3105 BristolliS,
859 3062 1000 3095 rector
1028 3055 1210 3095 ecclesie
1243 3056 1578 3109 Bissopestowe‚
1603 3054 1823 3096 Sarisbur-

158 3124 289 3163 iensis
311 3124 507 3164 diocesis
