2023 3453
176 160 261 202 142
604 142 894 204 [rag-zktrum
909 141 1166 206 sollemnis
1192 142 1406 188 Peclzam
1575 142 1693 204 [A.D.
1722 159 1736 188 1
1751 159 1773 188 2
1784 155 1844 201 79

167 303 376 344 custodiri
405 303 576 343 faciatis
598 317 605 349 ;
638 303 698 342 ita
721 301 839 354 quod
869 301 1013 341 nullus
1038 302 1092 341 ad
1122 302 1241 354 ipsos
1264 298 1640 341 administrand'os
1664 315 1844 341 manum

167 380 365 426 apponat
407 373 501 412 sine
543 378 752 425 precepto
795 377 945 410 nostro
988 370 1196 423 speciali;
1228 378 1271 410 et
1314 371 1348 410 si
1391 370 1537 410 forsan
1580 385 1605 410 a
1646 376 1846 423 tempore

168 441 455 482 relaxationis
490 440 684 493 predicte
707 439 871 491 aliquid
897 438 952 478 de
975 438 1143 478 eisdem
1178 438 1389 478 fructibus
1413 445 1488 478 aut
1521 438 1616 478 aliis
1645 438 1844 491 ejusdem

167 510 349 550 ecclesie
394 510 518 549 bonis
561 515 761 548 amotum
801 507 930 547 fuerit
968 507 1035 547 vel
1078 506 1352 556 distractum,
1390 508 1526 559 ipsius
1569 508 1758 560 pretium
1803 508 1845 547 in

168 579 372 619 manibus
399 585 650 631 emptorum
675 589 1041 629 quorumcunque
1064 576 1183 628 quod
1217 582 1417 629 superest
1443 576 1767 617 exsolvendum
1791 577 1847 617 de

167 661 352 701 quorum
387 646 640 686 nominibus
663 645 898 697 diligenter
932 645 1162 696 inquiratis
1195 645 1458 685 auctoritate
1491 651 1641 685 nostra
1669 660 1846 698 seques-

165 718 301 766 tretis,
324 716 639 756 denuntiantes
671 713 947 767 emptoribus
980 712 1235 765 hujusmodi
1275 728 1329 754 ne
1362 715 1456 754 sine
1486 721 1637 754 nostra
1671 714 1848 754 licentia

166 785 344 839 speciali
394 783 646 837 persolvant
695 783 884 835 pretium
936 788 1230 821 memoratum
1281 783 1393 822 sicut
1441 782 1723 823 indemnitati
1771 797 1848 823 sue

166 855 377 909 proficere
399 853 617 893 voluerint
640 852 682 891 in
707 851 788 891 hac
812 857 947 904 parte.
1012 850 1273 891 Custodiam
1298 865 1400 891 vero
1424 851 1608 904 predicti
1633 852 1846 904 sequestri

166 924 291 964 vobis
323 922 645 963 committimus
678 920 873 974 periculo
903 925 1059 959 vestro.
1125 919 1244 972 Quid
1278 926 1425 960 autem
1460 934 1591 973 super
1623 921 1847 973 premissis

167 993 354 1033 feceritis
377 1006 456 1032 nos
486 1005 562 1044 per
585 990 752 1030 litteras
776 995 944 1029 vestras
968 995 1172 1041 patentes
1201 989 1356 1029 harum
1386 990 1543 1030 seriem
1568 990 1846 1030 continentes

167 1061 361 1102 reddatis
403 1061 620 1100 certiores.
700 1059 868 1098 Datum
912 1057 1029 1110 apud
1076 1057 1256 1110 Bocing'
1290 1057 1316 1109 ij
1353 1072 1453 1098 non.
1486 1059 1698 1111 januarii,
1730 1073 1847 1098 anno

166 1129 511 1170 consecrationis
534 1134 683 1168 nostre
707 1128 861 1180 primo.

254 1255 332 1295 [Fo.
351 1255 443 1297 56b.]

166 1326 235 1370 [To
257 1325 316 1359 llze
336 1325 443 1358 Dean
460 1324 539 1358 aad
559 1324 589 1357 C
588 1324 721 1367 lzafiler
733 1324 779 1364 of
789 1323 841 1356 St.
860 1323 999 1361 Pauls,
1017 1322 1238 1366 concerm‘ng
1250 1324 1427 1366 proper&
1442 1323 1629 1366 deposz'ted
1642 1324 1733 1356 with
1751 1324 1848 1357 them

252 1380 294 1423 by
310 1378 533 1422 Kz'lwardy]

286 1466 386 1505 PRO
418 1462 1122 1515 D0M1N0.—FraterJohannes,
1145 1468 1237 1511 etc.,
1260 1462 1432 1503 dilectis
1464 1463 1506 1502 in
1535 1462 1711 1504 Christo
1738 1463 1849 1513 filiis,

167 1535 337 1576 decano
360 1541 403 1574 et
436 1534 632 1587 capitulo
661 1533 814 1574 Sancti
843 1532 968 1572 Pauli
998 1531 1333 1572 Londoniarum
1368 1532 1568 1581 salutem,
1590 1539 1670 1572 etc.
1735 1533 1847 1573 Cum

167 1604 470 1645 intelleximus
487 1602 700 1643 veraciter
717 1601 958 1654 quamdam
983 1601 1169 1653 pecunie
1192 1615 1413 1641 summam
1438 1601 1493 1641 de
1517 1601 1643 1641 bonis
1666 1601 1848 1642 ecclesie

166 1679 314 1713 nostre
344 1672 676 1713 Cantuariensis
712 1684 789 1723 per
818 1669 1050 1709 dominum
1080 1670 1341 1719 Robertum,
1364 1670 1479 1710 bone
1507 1671 1730 1720 memorie,
1753 1685 1848 1723 pre-

166 1742 444 1782 decessorem
468 1747 682 1788 nostrum,
704 1753 780 1780 seu
804 1739 913 1779 alios
943 1739 1123 1779 nomine
1146 1753 1238 1787 suo,
1261 1738 1379 1792 apud
1399 1753 1476 1779 vos
1505 1739 1547 1779 in
1577 1739 1850 1779 thesauraria

168 1818 311 1852 vestra
343 1825 418 1851 seu
452 1810 637 1850 ecclesia
669 1822 765 1848 esse
797 1807 1062 1861 depositam,
1094 1821 1228 1860 quam
1262 1807 1318 1847 ad
1353 1822 1432 1847 nos
1466 1808 1635 1848 ratione
1666 1809 1849 1849 ecclesie

167 1887 316 1921 nostre
358 1880 413 1920 de
446 1879 543 1932 jure
585 1877 805 1918 credimus
849 1878 1078 1930 pertinere,
1121 1877 1245 1917 vobis
1289 1877 1565 1927 mandamus,
1603 1879 1646 1918 in
1689 1879 1849 1919 virtute

168 1949 430 1997 obedientie,
448 1948 630 1988 firmiter
653 1946 937 1999 injungentes
960 1947 1169 1999 quatinus
1192 1945 1314 1986 salvo
1337 1946 1637 1987 custodientes
1660 1946 1848 1987 eandem

169 2018 275 2058 nihil
309 2018 492 2057 omnino
526 2017 581 2057 de
614 2017 709 2069 ipsa
742 2015 929 2068 pecunia
962 2029 1038 2068 per
1067 2028 1224 2054 manus
1253 2014 1500 2068 cujuspiam
1536 2015 1592 2055 de
1624 2015 1721 2055 loco
1753 2016 1849 2068 ipso

170 2087 428 2136 moveri‚vel
453 2086 690 2135 attractari,
714 2085 780 2125 vel
809 2084 1073 2124 contractari
1097 2084 1387 2136 aliquatenus
1411 2085 1690 2137 permittatis,
1707 2085 1849 2124 donec

169 2171 194 2196 a
227 2157 353 2196 nobis
386 2155 504 2196 aliud
538 2155 779 2194 habueritis
813 2154 854 2193 in
890 2152 1123 2193 mandatis.
1191 2153 1239 2192 In
1274 2153 1398 2205 cujus
1431 2153 1502 2202 rei,
1534 2159 1614 2193 ete.
1679 2153 1848 2193 Datum

170 2226 288 2279 apud
309 2225 547 2266 Derbeiam
569 2223 631 2276 xij
653 2223 751 2264 Kal.
775 2222 953 2276 Aprilis,
971 2222 1316 2262 consecrationis
1338 2228 1488 2262 nostre
1507 2235 1625 2262 anno
1643 2223 1848 2263 secundo,

170 2361 460 2404 [Sequeslrcztion
477 2361 523 2403 of
536 2359 713 2392 Colesln'll
729 2358 873 2391 Clmrclz
886 2358 958 2401 sor
972 2357 1031 2390 tlte
1048 2357 1216 2390 Priorem
1231 2357 1277 2400 of
1287 2357 1509 2400 zWarkyatc’]

288 2447 389 2486 PRO
434 2443 938 2485 MARKIATE.—Frater
971 2442 1210 2495 Johannes,
1247 2449 1340 2491 etc.‚
1375 2442 1546 2482 decano
1580 2442 1636 2482 de
1674 2441 1849 2492 Arden‘,

172 2515 372 2564 salutem,
404 2514 592 2567 gratiam
636 2520 679 2553 et
722 2512 1089 2552 benedictionem.
1167 2512 1278 2552 Cum
1319 2511 1622 2551 intelleximus
1655 2526 1712 2551 ex
1746 2526 1848 2552 con-

172 2585 404 2637 questione
452 2583 667 2636 prioresse
714 2588 757 2621 et
800 2587 1044 2620 conventus
1086 2581 1141 2620 de
1190 2580 1410 2620 Markiate
1461 2580 1579 2632 quod
1622 2581 1848 2632 quondam

173 2654 422 2694 Willelmus
459 2652 645 2692 vicarius
687 2650 743 2690 de
786 2649 1037 2690 Coleshulle
1078 2656 1122 2689 et
1164 2649 1363 2702 ejusdem
1407 2649 1590 2689 ecclesie
1628 2649 1848 2689 firmarius

170 2723 337 2763 eisdem
372 2721 576 2775 priorisse
608 2726 651 2760 et
684 2718 932 2767 conventui,
966 2719 1134 2758 ratione
1178 2718 1301 2758 firme
1333 2717 1546 2769 ejusdem,
1580 2718 1620 2757 in
1655 2718 1848 2770 quadam

171 2805 345 2832 summa
378 2790 562 2844 pecunie
593 2787 838 2836 tenebatur,
861 2787 916 2826 de
938 2800 1025 2839 qua
1058 2787 1256 2827 nondum
1284 2787 1346 2827 eis
1378 2787 1529 2827 extitit
1562 2787 1850 2836 satisfactum,

171 2862 249 2902 tibi
275 2860 540 2900 mandamus
570 2859 612 2898 in
637 2858 797 2897 virtute
824 2855 1086 2905 obedientie,
1112 2856 1293 2896 firmiter
1323 2855 1618 2908 injungentes,
1641 2857 1849 2908 quatinus

172 2943 326 2968 omnes
350 2928 514 2968 fructus
538 2926 734 2980 predicte
756 2923 940 2964 ecclesie
963 2924 1018 2963 de
1041 2923 1304 2972 Colesbulle,
1327 2930 1370 2963 et
1399 2924 1515 2963 bona
1542 2924 1678 2976 ipsius
1701 2925 1848 2965 vicarii

171 2998 379 3045 defuncti,
417 2997 667 3048 ubicunque
710 3000 893 3046 reperta,
925 2993 1188 3033 auctoritate
1222 2998 1371 3032 nostra
1404 2999 1663 3045 sequestres,
1692 2999 1736 3033 et
1768 2993 1849 3033 sub

171 3074 266 3106 arto
298 3072 525 3118 sequestro
557 3071 721 3112 teneas,
744 3062 884 3102 donec
917 3075 942 3101 a
974 3061 1100 3101 nobis
1132 3075 1263 3114 super
1295 3062 1376 3100 hoc
1410 3061 1615 3101 habueris
1645 3062 1763 3102 aliud
1805 3063 1848 3101 in

176 3134 407 3175 mandatis.
475 3134 524 3174 ln
560 3133 696 3186 cujus,
728 3138 806 3171 etc.
872 3131 1039 3171 Datum
1079 3130 1195 3183 apud
1243 3130 1416 3182 Derleg’
1451 3129 1513 3181 xij
1555 3130 1636 3170 kal.
1670 3130 1850 3183 Aprilis,
