<?xml version="1.0" encoding="UTF-8"?>
<!DOCTYPE html PUBLIC "-//W3C//DTD XHTML 1.0 Transitional//EN"
    "http://www.w3.org/TR/xhtml1/DTD/xhtml1-transitional.dtd">
<html xmlns="http://www.w3.org/1999/xhtml" xml:lang="en" lang="en">
 <head>
  <title>
</title>
<meta http-equiv="Content-Type" content="text/html;charset=utf-8" />
  <meta name='ocr-system' content='tesseract 3.04.00' />
  <meta name='ocr-capabilities' content='ocr_page ocr_carea ocr_par ocr_line ocrx_word'/>
</head>
<body>
  <div class='ocr_page' id='page_1' title='image "./dioecesiscantuar643cath_0090.png"; bbox 0 0 2023 3453; ppageno 0'>
   <div class='ocr_carea' id='block_1_1' title="bbox 231 181 1892 245">
    <p class='ocr_par' dir='ltr' id='par_1_1' title="bbox 231 181 1892 245">
     <span class='ocr_line' id='line_1_1' title="bbox 231 181 1892 245; baseline -0.001 -16"><span class='ocrx_word' id='word_1_1' title='bbox 231 200 253 230; x_wconf 88' lang='lat'>2</span> <span class='ocrx_word' id='word_1_2' title='bbox 269 200 321 229; x_wconf 87' lang='lat'>12</span> <span class='ocrx_word' id='word_1_3' title='bbox 661 182 950 245; x_wconf 71' lang='lat' dir='ltr'>Regz‘strum</span> <span class='ocrx_word' id='word_1_4' title='bbox 965 181 1221 245; x_wconf 70' lang='lat' dir='ltr'>johannis</span> <span class='ocrx_word' id='word_1_5' title='bbox 1246 181 1459 228; x_wconf 75' lang='lat' dir='ltr'>Peclmm</span> <span class='ocrx_word' id='word_1_6' title='bbox 1626 181 1744 245; x_wconf 90' lang='lat' dir='ltr'><strong>[A.D.</strong></span> <span class='ocrx_word' id='word_1_7' title='bbox 1772 184 1892 243; x_wconf 83' lang='lat'>1283</span> 
     </span>
    </p>
   </div>
   <div class='ocr_carea' id='block_1_2' title="bbox 466 281 971 285">
    <p class='ocr_par' dir='ltr' id='par_1_2' title="bbox 466 281 971 285">
     <span class='ocr_line' id='line_1_2' title="bbox 466 281 971 285; baseline 0 0"><span class='ocrx_word' id='word_1_8' title='bbox 466 281 971 285; x_wconf 95' lang='lat' dir='ltr'> </span> 
     </span>
    </p>
   </div>
   <div class='ocr_carea' id='block_1_3' title="bbox 350 342 1615 460">
    <p class='ocr_par' dir='ltr' id='par_1_3' title="bbox 350 342 1615 460">
     <span class='ocr_line' id='line_1_3' title="bbox 350 342 735 393; baseline -0.008 -11"><span class='ocrx_word' id='word_1_9' title='bbox 350 343 502 382; x_wconf 82' lang='lat' dir='ltr'>Frater</span> <span class='ocrx_word' id='word_1_10' title='bbox 525 342 735 393; x_wconf 72' lang='lat' dir='ltr'>Rogerus</span> 
     </span>
     <span class='ocr_line' id='line_1_4' title="bbox 350 406 1615 460; baseline -0.002 -9"><span class='ocrx_word' id='word_1_11' title='bbox 350 412 501 451; x_wconf 83' lang='lat' dir='ltr'>Frater</span> <span class='ocrx_word' id='word_1_12' title='bbox 526 409 736 450; x_wconf 82' lang='lat' dir='ltr'>Patricius</span> <span class='ocrx_word' id='word_1_13' title='bbox 758 408 813 448; x_wconf 94' lang='lat' dir='ltr'>de</span> <span class='ocrx_word' id='word_1_14' title='bbox 839 407 1110 460; x_wconf 89' lang='lat' dir='ltr'>Killepatric‚</span> <span class='ocrx_word' id='word_1_15' title='bbox 1132 406 1187 447; x_wconf 92' lang='lat' dir='ltr'>de</span> <span class='ocrx_word' id='word_1_16' title='bbox 1209 406 1362 447; x_wconf 83' lang='lat' dir='ltr'>ordine</span> <span class='ocrx_word' id='word_1_17' title='bbox 1385 408 1615 449; x_wconf 91' lang='lat' dir='ltr'>minorum.</span> 
     </span>
    </p>
   </div>
   <div class='ocr_carea' id='block_1_4' title="bbox 913 524 1220 562">
    <p class='ocr_par' dir='ltr' id='par_1_4' title="bbox 913 524 1220 562">
     <span class='ocr_line' id='line_1_5' title="bbox 913 524 1220 562; baseline 0.003 -1"><span class='ocrx_word' id='word_1_18' title='bbox 913 524 1220 562; x_wconf 78' lang='lat' dir='ltr'>PRESBITERI.</span> 
     </span>
    </p>
   </div>
   <div class='ocr_carea' id='block_1_5' title="bbox 230 595 1898 1339">
    <p class='ocr_par' dir='ltr' id='par_1_5' title="bbox 230 595 1894 710">
     <span class='ocr_line' id='line_1_6' title="bbox 348 595 1894 650; baseline -0.001 -10"><span class='ocrx_word' id='word_1_19' title='bbox 348 600 608 648; x_wconf 88' lang='lat' dir='ltr'>Willelmus‚</span> <span class='ocrx_word' id='word_1_20' title='bbox 643 603 784 638; x_wconf 92' lang='lat' dir='ltr'>rector</span> <span class='ocrx_word' id='word_1_21' title='bbox 824 597 879 637; x_wconf 94' lang='lat' dir='ltr'>de</span> <span class='ocrx_word' id='word_1_22' title='bbox 922 595 1232 649; x_wconf 73' lang='lat' dir='ltr'>Quingdenne,</span> <span class='ocrx_word' id='word_1_23' title='bbox 1268 596 1570 650; x_wconf 91' lang='lat' dir='ltr'>Cycestrensis</span> <span class='ocrx_word' id='word_1_24' title='bbox 1604 597 1802 647; x_wconf 88' lang='lat' dir='ltr'>diocesis,</span> <span class='ocrx_word' id='word_1_25' title='bbox 1840 599 1894 638; x_wconf 90' lang='lat' dir='ltr'>ad</span> 
     </span>
     <span class='ocr_line' id='line_1_7' title="bbox 230 667 845 710; baseline -0.008 0"><span class='ocrx_word' id='word_1_26' title='bbox 230 670 499 710; x_wconf 78' lang='lat' dir='ltr'>dimissorias</span> <span class='ocrx_word' id='word_1_27' title='bbox 522 667 745 708; x_wconf 77' lang='lat' dir='ltr'>diocesani</span> <span class='ocrx_word' id='word_1_28' title='bbox 769 667 845 706; x_wconf 91' lang='lat' dir='ltr'>sui.</span> 
     </span>
    </p>

    <p class='ocr_par' dir='ltr' id='par_1_6' title="bbox 231 733 1894 846">
     <span class='ocr_line' id='line_1_8' title="bbox 349 733 1894 788; baseline -0.001 -11"><span class='ocrx_word' id='word_1_29' title='bbox 349 738 567 777; x_wconf 85' lang='lat' dir='ltr'>Henricus</span> <span class='ocrx_word' id='word_1_30' title='bbox 586 742 726 776; x_wconf 91' lang='lat' dir='ltr'>rector</span> <span class='ocrx_word' id='word_1_31' title='bbox 742 735 796 775; x_wconf 94' lang='lat' dir='ltr'>de</span> <span class='ocrx_word' id='word_1_32' title='bbox 815 734 1080 782; x_wconf 88' lang='lat' dir='ltr'>Wauderne,</span> <span class='ocrx_word' id='word_1_33' title='bbox 1097 733 1296 786; x_wconf 86' lang='lat' dir='ltr'>ejusdem</span> <span class='ocrx_word' id='word_1_34' title='bbox 1315 735 1514 784; x_wconf 85' lang='lat' dir='ltr'>diocesis,</span> <span class='ocrx_word' id='word_1_35' title='bbox 1530 750 1606 788; x_wconf 95' lang='lat' dir='ltr'>per</span> <span class='ocrx_word' id='word_1_36' title='bbox 1623 735 1894 776; x_wconf 82' lang='lat' dir='ltr'>dimissorias</span> 
     </span>
     <span class='ocr_line' id='line_1_9' title="bbox 231 807 440 846; baseline 0 0"><span class='ocrx_word' id='word_1_37' title='bbox 231 807 440 846; x_wconf 87' lang='lat' dir='ltr'>similiter.</span> 
     </span>
    </p>

    <p class='ocr_par' dir='ltr' id='par_1_7' title="bbox 233 871 1895 996">
     <span class='ocr_line' id='line_1_10' title="bbox 348 871 1895 925; baseline -0.001 -10"><span class='ocrx_word' id='word_1_38' title='bbox 348 875 568 915; x_wconf 87' lang='lat' dir='ltr'>Robertus</span> <span class='ocrx_word' id='word_1_39' title='bbox 602 872 657 913; x_wconf 95' lang='lat' dir='ltr'>de</span> <span class='ocrx_word' id='word_1_40' title='bbox 691 872 978 921; x_wconf 84' lang='lat' dir='ltr'>Littleburne,</span> <span class='ocrx_word' id='word_1_41' title='bbox 1001 871 1056 912; x_wconf 85' lang='lat' dir='ltr'>ad</span> <span class='ocrx_word' id='word_1_42' title='bbox 1091 872 1268 912; x_wconf 90' lang='lat' dir='ltr'>titulum</span> <span class='ocrx_word' id='word_1_43' title='bbox 1305 872 1458 925; x_wconf 91' lang='lat' dir='ltr'>prioris</span> <span class='ocrx_word' id='word_1_44' title='bbox 1490 879 1533 913; x_wconf 95' lang='lat' dir='ltr'>et</span> <span class='ocrx_word' id='word_1_45' title='bbox 1566 880 1808 914; x_wconf 87' lang='lat' dir='ltr'>conventus</span> <span class='ocrx_word' id='word_1_46' title='bbox 1840 874 1895 914; x_wconf 93' lang='lat' dir='ltr'>de</span> 
     </span>
     <span class='ocr_line' id='line_1_11' title="bbox 233 943 535 996; baseline -0.007 -12"><span class='ocrx_word' id='word_1_47' title='bbox 233 943 535 996; x_wconf 83' lang='lat' dir='ltr'>Langeburne.</span> 
     </span>
    </p>

    <p class='ocr_par' dir='ltr' id='par_1_8' title="bbox 230 1008 1896 1135">
     <span class='ocr_line' id='line_1_12' title="bbox 348 1008 1896 1065; baseline -0.001 -13"><span class='ocrx_word' id='word_1_48' title='bbox 348 1013 548 1065; x_wconf 83' lang='lat' dir='ltr'>Rogerus</span> <span class='ocrx_word' id='word_1_49' title='bbox 584 1009 753 1050; x_wconf 78' lang='lat' dir='ltr'>Arnald</span> <span class='ocrx_word' id='word_1_50' title='bbox 789 1009 844 1050; x_wconf 91' lang='grc'>(16</span> <span class='ocrx_word' id='word_1_51' title='bbox 884 1010 1046 1058; x_wconf 85' lang='lat' dir='ltr'>Lewes,</span> <span class='ocrx_word' id='word_1_52' title='bbox 1079 1008 1132 1049; x_wconf 86' lang='lat' dir='ltr'>ad</span> <span class='ocrx_word' id='word_1_53' title='bbox 1175 1010 1353 1050; x_wconf 89' lang='lat' dir='ltr'>titulum</span> <span class='ocrx_word' id='word_1_54' title='bbox 1389 1011 1684 1064; x_wconf 90' lang='lat' dir='ltr'>penitentiarii</span> <span class='ocrx_word' id='word_1_55' title='bbox 1722 1010 1896 1050; x_wconf 89' lang='lat' dir='ltr'>Mallin-</span> 
     </span>
     <span class='ocr_line' id='line_1_13' title="bbox 230 1078 1334 1135; baseline -0.004 -13"><span class='ocrx_word' id='word_1_56' title='bbox 230 1082 389 1135; x_wconf 80' lang='lat' dir='ltr'>gensis,</span> <span class='ocrx_word' id='word_1_57' title='bbox 411 1095 487 1134; x_wconf 92' lang='lat' dir='ltr'>per</span> <span class='ocrx_word' id='word_1_58' title='bbox 509 1079 780 1120; x_wconf 88' lang='lat' dir='ltr'>dimissorias</span> <span class='ocrx_word' id='word_1_59' title='bbox 802 1079 996 1131; x_wconf 85' lang='lat' dir='ltr'>episcopi</span> <span class='ocrx_word' id='word_1_60' title='bbox 1021 1078 1334 1131; x_wconf 87' lang='lat' dir='ltr'>Cycestrensis.</span> 
     </span>
    </p>

    <p class='ocr_par' dir='ltr' id='par_1_9' title="bbox 345 1147 1690 1204">
     <span class='ocr_line' id='line_1_14' title="bbox 345 1147 1690 1204; baseline -0.001 -14"><span class='ocrx_word' id='word_1_61' title='bbox 345 1151 570 1204; x_wconf 89' lang='lat' dir='ltr'>Johannes</span> <span class='ocrx_word' id='word_1_62' title='bbox 593 1149 648 1189; x_wconf 94' lang='lat' dir='ltr'>de</span> <span class='ocrx_word' id='word_1_63' title='bbox 675 1148 839 1197; x_wconf 90' lang='lat' dir='ltr'>Icham,</span> <span class='ocrx_word' id='word_1_64' title='bbox 861 1148 915 1187; x_wconf 92' lang='lat' dir='ltr'>ad</span> <span class='ocrx_word' id='word_1_65' title='bbox 940 1147 1229 1188; x_wconf 84' lang='lat' dir='ltr'>sufficientem</span> <span class='ocrx_word' id='word_1_66' title='bbox 1253 1148 1429 1188; x_wconf 90' lang='lat' dir='ltr'>titulum</span> <span class='ocrx_word' id='word_1_67' title='bbox 1454 1149 1690 1201; x_wconf 91' lang='lat' dir='ltr'>proprium.</span> 
     </span>
    </p>

    <p class='ocr_par' dir='ltr' id='par_1_10' title="bbox 232 1216 1898 1339">
     <span class='ocr_line' id='line_1_15' title="bbox 346 1216 1898 1273; baseline -0.002 -14"><span class='ocrx_word' id='word_1_68' title='bbox 346 1220 571 1273; x_wconf 87' lang='lat' dir='ltr'>Johannes</span> <span class='ocrx_word' id='word_1_69' title='bbox 599 1218 654 1258; x_wconf 92' lang='lat' dir='ltr'>de</span> <span class='ocrx_word' id='word_1_70' title='bbox 679 1217 944 1266; x_wconf 86' lang='lat' dir='ltr'>Lamburne,</span> <span class='ocrx_word' id='word_1_71' title='bbox 969 1217 1302 1258; x_wconf 86' lang='lat' dir='ltr'>Sarisberiensis</span> <span class='ocrx_word' id='word_1_72' title='bbox 1325 1218 1523 1266; x_wconf 85' lang='lat' dir='ltr'>diocesis,</span> <span class='ocrx_word' id='word_1_73' title='bbox 1546 1218 1652 1258; x_wconf 89' lang='lat' dir='ltr'>alias</span> <span class='ocrx_word' id='word_1_74' title='bbox 1676 1232 1752 1270; x_wconf 90' lang='lat' dir='ltr'>per</span> <span class='ocrx_word' id='word_1_75' title='bbox 1773 1216 1898 1256; x_wconf 90' lang='lat' dir='ltr'>dom-</span> 
     </span>
     <span class='ocr_line' id='line_1_16' title="bbox 232 1286 1531 1339; baseline -0.001 -11"><span class='ocrx_word' id='word_1_76' title='bbox 232 1291 352 1328; x_wconf 90' lang='lat' dir='ltr'>inum</span> <span class='ocrx_word' id='word_1_77' title='bbox 377 1289 603 1328; x_wconf 87' lang='lat' dir='ltr'>ordinatus</span> <span class='ocrx_word' id='word_1_78' title='bbox 626 1287 680 1326; x_wconf 88' lang='lat' dir='ltr'>ad</span> <span class='ocrx_word' id='word_1_79' title='bbox 704 1287 880 1326; x_wconf 90' lang='lat' dir='ltr'>titulum</span> <span class='ocrx_word' id='word_1_80' title='bbox 906 1287 1129 1339; x_wconf 88' lang='lat' dir='ltr'>proprium</span> <span class='ocrx_word' id='word_1_81' title='bbox 1154 1300 1228 1339; x_wconf 90' lang='lat' dir='ltr'>per</span> <span class='ocrx_word' id='word_1_82' title='bbox 1252 1286 1531 1327; x_wconf 87' lang='lat' dir='ltr'>dimissorias.</span> 
     </span>
    </p>
   </div>
   <div class='ocr_carea' id='block_1_6' title="bbox 230 1384 1900 1990">
    <p class='ocr_par' dir='ltr' id='par_1_11' title="bbox 305 1384 1823 1494">
     <span class='ocr_line' id='line_1_17' title="bbox 305 1384 1823 1426; baseline -0.002 0"><span class='ocrx_word' id='word_1_83' title='bbox 305 1387 383 1426; x_wconf 76' lang='lat' dir='ltr'>AD</span> <span class='ocrx_word' id='word_1_84' title='bbox 416 1394 646 1426; x_wconf 87' lang='lat' dir='ltr'><strong>TITULUM</strong></span> <span class='ocrx_word' id='word_1_85' title='bbox 681 1384 883 1425; x_wconf 85' lang='lat' dir='ltr'>SANCTE</span> <span class='ocrx_word' id='word_1_86' title='bbox 918 1384 1087 1423; x_wconf 84' lang='lat' dir='ltr'><strong>MARIE</strong></span> <span class='ocrx_word' id='word_1_87' title='bbox 1123 1393 1186 1423; x_wconf 89' lang='lat' dir='ltr'>DE</span> <span class='ocrx_word' id='word_1_88' title='bbox 1222 1384 1459 1424; x_wconf 77' lang='lat' dir='ltr'><strong>BOXLEYA</strong></span> <span class='ocrx_word' id='word_1_89' title='bbox 1491 1394 1557 1423; x_wconf 90' lang='lat' dir='ltr'>AD</span> <span class='ocrx_word' id='word_1_90' title='bbox 1590 1393 1823 1424; x_wconf 77' lang='lat' dir='ltr'><strong>ORDINEM</strong></span> 
     </span>
     <span class='ocr_line' id='line_1_18' title="bbox 861 1462 1271 1494; baseline 0.002 -2"><span class='ocrx_word' id='word_1_91' title='bbox 861 1462 1271 1494; x_wconf 80' lang='lat' dir='ltr'><strong>PRESBITERATUS.</strong></span> 
     </span>
    </p>

    <p class='ocr_par' dir='ltr' id='par_1_12' title="bbox 349 1524 733 1571">
     <span class='ocr_line' id='line_1_19' title="bbox 349 1524 733 1571; baseline -0.005 -7"><span class='ocrx_word' id='word_1_92' title='bbox 349 1525 502 1564; x_wconf 81' lang='lat' dir='ltr'>Frater</span> <span class='ocrx_word' id='word_1_93' title='bbox 523 1524 733 1571; x_wconf 55' lang='lat' dir='ltr'>Thomas</span> 
     </span>
    </p>

    <p class='ocr_par' dir='ltr' id='par_1_13' title="bbox 349 1591 1098 1644">
     <span class='ocr_line' id='line_1_20' title="bbox 349 1591 1098 1644; baseline -0.001 -11"><span class='ocrx_word' id='word_1_94' title='bbox 349 1594 501 1633; x_wconf 84' lang='lat' dir='ltr'>Frater</span> <span class='ocrx_word' id='word_1_95' title='bbox 538 1591 772 1641; x_wconf 86' lang='lat' dir='ltr'>Walterus,</span> <span class='ocrx_word' id='word_1_96' title='bbox 808 1593 863 1633; x_wconf 91' lang='lat' dir='ltr'>de</span> <span class='ocrx_word' id='word_1_97' title='bbox 887 1591 1098 1644; x_wconf 83' lang='lat' dir='ltr'>Boxleya.</span> 
     </span>
    </p>

    <p class='ocr_par' dir='ltr' id='par_1_14' title="bbox 349 1661 771 1711">
     <span class='ocr_line' id='line_1_21' title="bbox 349 1661 771 1711; baseline 0 -9"><span class='ocrx_word' id='word_1_98' title='bbox 349 1664 501 1702; x_wconf 86' lang='lat' dir='ltr'>Frater</span> <span class='ocrx_word' id='word_1_99' title='bbox 538 1661 771 1711; x_wconf 89' lang='lat' dir='ltr'>Robertus,</span> 
     </span>
    </p>

    <p class='ocr_par' dir='ltr' id='par_1_15' title="bbox 349 1728 1868 1784">
     <span class='ocr_line' id='line_1_22' title="bbox 349 1728 1868 1784; baseline -0.001 -13"><span class='ocrx_word' id='word_1_100' title='bbox 349 1732 460 1771; x_wconf 90' lang='lat' dir='ltr'>Item</span> <span class='ocrx_word' id='word_1_101' title='bbox 487 1731 639 1770; x_wconf 86' lang='lat' dir='ltr'>Frater</span> <span class='ocrx_word' id='word_1_102' title='bbox 662 1731 916 1784; x_wconf 82' lang='lat' dir='ltr'>Stephanus</span> <span class='ocrx_word' id='word_1_103' title='bbox 939 1729 994 1770; x_wconf 95' lang='lat' dir='ltr'>de</span> <span class='ocrx_word' id='word_1_104' title='bbox 1018 1728 1369 1782; x_wconf 75' lang='lat' dir='ltr'>Schelfhaungre</span> <span class='ocrx_word' id='word_1_105' title='bbox 1391 1728 1446 1769; x_wconf 92' lang='lat' dir='ltr'>de</span> <span class='ocrx_word' id='word_1_106' title='bbox 1468 1729 1620 1769; x_wconf 91' lang='lat' dir='ltr'>ordine</span> <span class='ocrx_word' id='word_1_107' title='bbox 1639 1730 1868 1769; x_wconf 89' lang='lat' dir='ltr'>minorum.</span> 
     </span>
    </p>

    <p class='ocr_par' dir='ltr' id='par_1_16' title="bbox 230 1797 1900 1990">
     <span class='ocr_line' id='line_1_23' title="bbox 349 1797 1900 1853; baseline -0.001 -13"><span class='ocrx_word' id='word_1_108' title='bbox 349 1799 690 1840; x_wconf 88' lang='lat' dir='ltr'>Memorandum</span> <span class='ocrx_word' id='word_1_109' title='bbox 729 1799 848 1853; x_wconf 88' lang='lat' dir='ltr'>quod</span> <span class='ocrx_word' id='word_1_110' title='bbox 889 1801 931 1839; x_wconf 89' lang='lat' dir='ltr'>in</span> <span class='ocrx_word' id='word_1_111' title='bbox 968 1799 1061 1839; x_wconf 89' lang='lat' dir='ltr'>istis</span> <span class='ocrx_word' id='word_1_112' title='bbox 1103 1797 1332 1837; x_wconf 90' lang='lat' dir='ltr'>ordinibus</span> <span class='ocrx_word' id='word_1_113' title='bbox 1373 1799 1648 1838; x_wconf 84' lang='lat' dir='ltr'>examinavit</span> <span class='ocrx_word' id='word_1_114' title='bbox 1690 1799 1900 1851; x_wconf 83' lang='lat' dir='ltr'>magister</span> 
     </span>
     <span class='ocr_line' id='line_1_24' title="bbox 232 1867 1898 1920; baseline -0.002 -11"><span class='ocrx_word' id='word_1_115' title='bbox 232 1870 479 1909; x_wconf 87' lang='lat' dir='ltr'>Willelmus</span> <span class='ocrx_word' id='word_1_116' title='bbox 513 1869 568 1908; x_wconf 92' lang='lat' dir='ltr'>de</span> <span class='ocrx_word' id='word_1_117' title='bbox 607 1868 810 1909; x_wconf 80' lang='lat' dir='ltr'>Sardinia</span> <span class='ocrx_word' id='word_1_118' title='bbox 845 1867 1115 1908; x_wconf 89' lang='lat' dir='ltr'>ordinandos</span> <span class='ocrx_word' id='word_1_119' title='bbox 1149 1874 1192 1907; x_wconf 91' lang='lat' dir='ltr'>et</span> <span class='ocrx_word' id='word_1_120' title='bbox 1226 1867 1404 1907; x_wconf 82' lang='lat' dir='ltr'>eosdem</span> <span class='ocrx_word' id='word_1_121' title='bbox 1440 1868 1612 1920; x_wconf 87' lang='lat' dir='ltr'>recepit.</span> <span class='ocrx_word' id='word_1_122' title='bbox 1673 1867 1898 1920; x_wconf 89' lang='lat' dir='ltr'>Johannes</span> 
     </span>
     <span class='ocr_line' id='line_1_25' title="bbox 230 1937 895 1990; baseline -0.002 -13"><span class='ocrx_word' id='word_1_123' title='bbox 230 1937 285 1977; x_wconf 90' lang='lat' dir='ltr'>de</span> <span class='ocrx_word' id='word_1_124' title='bbox 310 1938 462 1977; x_wconf 86' lang='lat' dir='ltr'>Becles</span> <span class='ocrx_word' id='word_1_125' title='bbox 485 1937 565 1977; x_wconf 87' lang='lat' dir='ltr'>fuit</span> <span class='ocrx_word' id='word_1_126' title='bbox 587 1938 768 1977; x_wconf 82' lang='lat' dir='ltr'>clericus</span> <span class='ocrx_word' id='word_1_127' title='bbox 790 1937 895 1990; x_wconf 75' lang='lat' dir='ltr'>ejus</span> 
     </span>
    </p>
   </div>
   <div class='ocr_carea' id='block_1_7' title="bbox 316 2051 1004 2148">
    <p class='ocr_par' dir='ltr' id='par_1_17' title="bbox 316 2051 1004 2148">
     <span class='ocr_line' id='line_1_26' title="bbox 316 2051 496 2094; baseline -0.006 -11"><span class='ocrx_word' id='word_1_128' title='bbox 316 2051 392 2091; x_wconf 89' lang='lat' dir='ltr'>[Fo.</span> <span class='ocrx_word' id='word_1_129' title='bbox 413 2051 496 2094; x_wconf 66' lang='lat'>112]</span> 
     </span>
     <span class='ocr_line' id='line_1_27' title="bbox 347 2108 1004 2148; baseline 0.002 -1"><span class='ocrx_word' id='word_1_130' title='bbox 347 2108 482 2147; x_wconf 85' lang='lat' dir='ltr'>Anno</span> <span class='ocrx_word' id='word_1_131' title='bbox 507 2109 688 2148; x_wconf 91' lang='lat' dir='ltr'>Domini</span> <span class='ocrx_word' id='word_1_132' title='bbox 713 2108 1004 2148; x_wconf 81' lang='lat' dir='ltr'>mcclxxxiiii.</span> 
     </span>
    </p>
   </div>
   <div class='ocr_carea' id='block_1_8' title="bbox 233 2193 1898 2304">
    <p class='ocr_par' dir='ltr' id='par_1_18' title="bbox 233 2193 1898 2304">
     <span class='ocr_line' id='line_1_28' title="bbox 233 2193 1898 2243; baseline 0.001 -10"><span class='ocrx_word' id='word_1_133' title='bbox 233 2194 443 2234; x_wconf 79' lang='lat' dir='ltr'>NOMINA</span> <span class='ocrx_word' id='word_1_134' title='bbox 497 2193 881 2235; x_wconf 85' lang='lat' dir='ltr'>ORDINATORUM</span> <span class='ocrx_word' id='word_1_135' title='bbox 945 2203 1078 2234; x_wconf 86' lang='lat' dir='ltr'>APUD</span> <span class='ocrx_word' id='word_1_136' title='bbox 1132 2193 1414 2234; x_wconf 83' lang='lat' dir='ltr'>OSSPRINGE</span> <span class='ocrx_word' id='word_1_137' title='bbox 1477 2193 1745 2234; x_wconf 83' lang='lat' dir='ltr'>SABBATHO</span> <span class='ocrx_word' id='word_1_138' title='bbox 1796 2203 1898 2243; x_wconf 85' lang='lat' dir='ltr'>QUO</span> 
     </span>
     <span class='ocr_line' id='line_1_29' title="bbox 346 2262 1898 2304; baseline 0 -1"><span class='ocrx_word' id='word_1_139' title='bbox 346 2271 616 2303; x_wconf 77' lang='lat' dir='ltr'><strong>CANTATUR</strong></span> <span class='ocrx_word' id='word_1_140' title='bbox 650 2263 917 2304; x_wconf 84' lang='lat' dir='ltr'>SICIENTES</span> <span class='ocrx_word' id='word_1_141' title='bbox 950 2271 1219 2303; x_wconf 84' lang='lat' dir='ltr'><strong>VIDELICET</strong></span> <span class='ocrx_word' id='word_1_142' title='bbox 1250 2271 1340 2301; x_wconf 84' lang='lat' dir='ltr'>VIII</span> <span class='ocrx_word' id='word_1_143' title='bbox 1375 2271 1484 2302; x_wconf 84' lang='lat' dir='ltr'>KAL.</span> <span class='ocrx_word' id='word_1_144' title='bbox 1519 2262 1722 2303; x_wconf 83' lang='lat' dir='ltr'><strong>APRILIS</strong></span> <span class='ocrx_word' id='word_1_145' title='bbox 1754 2272 1898 2303; x_wconf 82' lang='lat' dir='ltr'>ANNo</span> 
     </span>
    </p>
   </div>
   <div class='ocr_carea' id='block_1_9' title="bbox 346 2345 1176 2435">
    <p class='ocr_par' dir='ltr' id='par_1_19' title="bbox 346 2345 1176 2435">
     <span class='ocr_line' id='line_1_30' title="bbox 346 2345 648 2386; baseline -0.003 -9"><span class='ocrx_word' id='word_1_146' title='bbox 346 2346 448 2386; x_wconf 82' lang='lat' dir='ltr'>Quo</span> <span class='ocrx_word' id='word_1_147' title='bbox 480 2345 648 2377; x_wconf 80' lang='lat' dir='ltr'><strong>SUPRA.</strong></span> 
     </span>
     <span class='ocr_line' id='line_1_31' title="bbox 954 2394 1176 2435; baseline 0 -1"><span class='ocrx_word' id='word_1_148' title='bbox 954 2394 1176 2435; x_wconf 86' lang='lat' dir='ltr'><strong>ACOLITI.</strong></span> 
     </span>
    </p>
   </div>
   <div class='ocr_carea' id='block_1_10' title="bbox 231 2469 1328 2728">
    <p class='ocr_par' dir='ltr' id='par_1_20' title="bbox 231 2469 1328 2591">
     <span class='ocr_line' id='line_1_32' title="bbox 347 2469 1328 2518; baseline -0.001 -10"><span class='ocrx_word' id='word_1_149' title='bbox 347 2470 499 2509; x_wconf 87' lang='lat' dir='ltr'>Frater</span> <span class='ocrx_word' id='word_1_150' title='bbox 524 2469 743 2509; x_wconf 86' lang='lat' dir='ltr'>Robertus</span> <span class='ocrx_word' id='word_1_151' title='bbox 770 2469 825 2509; x_wconf 93' lang='lat' dir='ltr'>de</span> <span class='ocrx_word' id='word_1_152' title='bbox 858 2469 1063 2518; x_wconf 84' lang='lat' dir='ltr'>Fecham,</span> <span class='ocrx_word' id='word_1_153' title='bbox 1087 2469 1328 2508; x_wconf 87' lang='lat' dir='ltr'>monachus</span> 
     </span>
     <span class='ocr_line' id='line_1_33' title="bbox 231 2538 1013 2591; baseline -0.001 -13"><span class='ocrx_word' id='word_1_154' title='bbox 231 2539 383 2579; x_wconf 81' lang='lat' dir='ltr'>Sancti</span> <span class='ocrx_word' id='word_1_155' title='bbox 408 2538 648 2591; x_wconf 79' lang='lat' dir='ltr'>Augustini</span> <span class='ocrx_word' id='word_1_156' title='bbox 673 2538 1013 2578; x_wconf 84' lang='lat' dir='ltr'>Cantuariensis.</span> 
     </span>
    </p>

    <p class='ocr_par' dir='ltr' id='par_1_21' title="bbox 345 2606 940 2659">
     <span class='ocr_line' id='line_1_34' title="bbox 345 2606 940 2659; baseline -0.002 -12"><span class='ocrx_word' id='word_1_157' title='bbox 345 2607 593 2647; x_wconf 85' lang='lat' dir='ltr'>Willelmus</span> <span class='ocrx_word' id='word_1_158' title='bbox 615 2606 671 2646; x_wconf 93' lang='lat' dir='ltr'>de</span> <span class='ocrx_word' id='word_1_159' title='bbox 697 2606 940 2659; x_wconf 90' lang='lat' dir='ltr'>Leyborne.</span> 
     </span>
    </p>

    <p class='ocr_par' dir='ltr' id='par_1_22' title="bbox 346 2674 877 2728">
     <span class='ocr_line' id='line_1_35' title="bbox 346 2674 877 2728; baseline -0.004 -12"><span class='ocrx_word' id='word_1_160' title='bbox 346 2675 516 2728; x_wconf 89' lang='lat' dir='ltr'>Symon</span> <span class='ocrx_word' id='word_1_161' title='bbox 539 2675 594 2715; x_wconf 92' lang='lat' dir='ltr'>de</span> <span class='ocrx_word' id='word_1_162' title='bbox 618 2674 877 2727; x_wconf 86' lang='lat' dir='ltr'>Sandwyco.</span> 
     </span>
    </p>
   </div>
   <div class='ocr_carea' id='block_1_11' title="bbox 346 2742 1897 2933">
    <p class='ocr_par' dir='ltr' id='par_1_23' title="bbox 346 2742 1897 2933">
     <span class='ocr_line' id='line_1_36' title="bbox 346 2742 1897 2797; baseline 0 -13"><span class='ocrx_word' id='word_1_163' title='bbox 346 2743 561 2784; x_wconf 88' lang='lat' dir='ltr'>Ricardus</span> <span class='ocrx_word' id='word_1_164' title='bbox 582 2743 637 2784; x_wconf 94' lang='lat' dir='ltr'>de</span> <span class='ocrx_word' id='word_1_165' title='bbox 664 2744 883 2783; x_wconf 91' lang='lat' dir='ltr'>Prestone.</span> <span class='ocrx_word' id='word_1_166' title='bbox 1367 2742 1530 2782; x_wconf 83' lang='lat' dir='ltr'>Aeoliti</span> <span class='ocrx_word' id='word_1_167' title='bbox 1555 2744 1792 2795; x_wconf 90' lang='lat' dir='ltr'>presentati</span> <span class='ocrx_word' id='word_1_168' title='bbox 1821 2757 1897 2797; x_wconf 91' lang='lat' dir='ltr'>per</span> 
     </span>
     <span class='ocr_line' id='line_1_37' title="bbox 346 2810 1896 2866; baseline -0.001 -13"><span class='ocrx_word' id='word_1_169' title='bbox 346 2813 599 2866; x_wconf 87' lang='lat' dir='ltr'>Stephanus</span> <span class='ocrx_word' id='word_1_170' title='bbox 622 2813 676 2852; x_wconf 93' lang='lat' dir='ltr'>de</span> <span class='ocrx_word' id='word_1_171' title='bbox 703 2811 992 2852; x_wconf 87' lang='lat' dir='ltr'>Hakenaued.</span> <span class='ocrx_word' id='word_1_172' title='bbox 1353 2836 1357 2850; x_wconf 56' lang='lat' dir='ltr'><em>s</em></span> <span class='ocrx_word' id='word_1_173' title='bbox 1414 2810 1770 2851; x_wconf 83' lang='lat' dir='ltr'>archidiaconum</span> <span class='ocrx_word' id='word_1_174' title='bbox 1783 2812 1896 2852; x_wconf 88' lang='lat' dir='ltr'>Can-</span> 
     </span>
     <span class='ocr_line' id='line_1_38' title="bbox 347 2880 1688 2933; baseline -0.002 -11"><span class='ocrx_word' id='word_1_175' title='bbox 347 2882 570 2922; x_wconf 88' lang='lat' dir='ltr'>Walterus</span> <span class='ocrx_word' id='word_1_176' title='bbox 592 2881 647 2921; x_wconf 91' lang='lat' dir='ltr'>de</span> <span class='ocrx_word' id='word_1_177' title='bbox 672 2881 874 2933; x_wconf 84' lang='lat' dir='ltr'>Burgate.</span> <span class='ocrx_word' id='word_1_178' title='bbox 1412 2880 1688 2920; x_wconf 88' lang='lat' dir='ltr'>tuariensem.</span> 
     </span>
    </p>
   </div>
   <div class='ocr_carea' id='block_1_12' title="bbox 343 2948 1350 3211">
    <p class='ocr_par' dir='ltr' id='par_1_24' title="bbox 343 2948 929 3003">
     <span class='ocr_line' id='line_1_39' title="bbox 343 2948 929 3003; baseline -0.002 -13"><span class='ocrx_word' id='word_1_179' title='bbox 343 2950 567 3003; x_wconf 86' lang='lat' dir='ltr'>Johannes</span> <span class='ocrx_word' id='word_1_180' title='bbox 590 2949 645 2989; x_wconf 92' lang='lat' dir='ltr'>de</span> <span class='ocrx_word' id='word_1_181' title='bbox 669 2948 929 3002; x_wconf 78' lang='lat' dir='ltr'>Sandwyco</span> 
     </span>
    </p>

    <p class='ocr_par' dir='ltr' id='par_1_25' title="bbox 347 3018 729 3071">
     <span class='ocr_line' id='line_1_40' title="bbox 347 3018 729 3071; baseline -0.003 -12"><span class='ocrx_word' id='word_1_182' title='bbox 347 3018 560 3059; x_wconf 89' lang='lat' dir='ltr'>Ricardus</span> <span class='ocrx_word' id='word_1_183' title='bbox 584 3018 729 3071; x_wconf 90' lang='lat' dir='ltr'>Sprot.</span> 
     </span>
    </p>

    <p class='ocr_par' dir='ltr' id='par_1_26' title="bbox 346 3087 951 3127">
     <span class='ocr_line' id='line_1_41' title="bbox 346 3087 951 3127; baseline -0.002 0"><span class='ocrx_word' id='word_1_184' title='bbox 346 3088 543 3127; x_wconf 85' lang='lat' dir='ltr'>Thomas</span> <span class='ocrx_word' id='word_1_185' title='bbox 566 3087 621 3127; x_wconf 92' lang='lat' dir='ltr'>de</span> <span class='ocrx_word' id='word_1_186' title='bbox 645 3087 951 3127; x_wconf 88' lang='lat' dir='ltr'>Faveresham.</span> 
     </span>
    </p>

    <p class='ocr_par' dir='ltr' id='par_1_27' title="bbox 344 3155 1350 3211">
     <span class='ocr_line' id='line_1_42' title="bbox 344 3155 1350 3211; baseline -0.001 -16"><span class='ocrx_word' id='word_1_187' title='bbox 344 3157 568 3209; x_wconf 84' lang='lat' dir='ltr'>Johannes</span> <span class='ocrx_word' id='word_1_188' title='bbox 592 3155 726 3209; x_wconf 90' lang='lat' dir='ltr'>Cape]</span> <span class='ocrx_word' id='word_1_189' title='bbox 750 3155 805 3195; x_wconf 92' lang='lat' dir='ltr'>de</span> <span class='ocrx_word' id='word_1_190' title='bbox 830 3155 1121 3196; x_wconf 88' lang='lat' dir='ltr'>Northborne.</span> <span class='ocrx_word' id='word_1_191' title='bbox 1337 3184 1350 3211; x_wconf 49' lang='lat' dir='ltr'><em>s</em></span> 
     </span>
    </p>
   </div>
   <div class='ocr_carea' id='block_1_13' title="bbox 1350 2532 1354 3188">
    <p class='ocr_par' dir='ltr' id='par_1_28' title="bbox 1350 2532 1354 3188">
     <span class='ocr_line' id='line_1_43' title="bbox 1350 2532 1354 3188; baseline 0 0"><span class='ocrx_word' id='word_1_192' title='bbox 1350 2532 1354 3188; x_wconf 95' lang='lat' dir='ltr'> </span> 
     </span>
    </p>
   </div>
  </div>
 </body>
</html>
