2023 3453
207 194 295 251 148
634 188 922 252 Registrum
935 186 1193 252 johannis
1217 186 1430 232 Pecham
1585 184 1703 248 [A.D.
1740 187 1855 231 1281

202 349 567 404 sequestrandum
586 348 735 389 omnia
756 348 872 388 bona
891 346 1069 387 rectoris
1086 345 1268 386 ecclesie
1285 345 1340 386 de
1357 346 1646 399 Tangemere‚
1660 345 1868 395 defuncti,

202 420 343 460 donec
380 418 497 459 aliud
532 431 663 470 super
691 417 774 456 hoc
811 416 1044 456 habuerint
1076 415 1117 455 in
1153 415 1385 464 mandatis,
1407 421 1451 455 et
1483 415 1538 455 ad
1571 414 1867 467 colligendum

203 489 368 529 fructus
391 487 640 540 sumptibus
663 485 858 525 defuncti
882 484 1070 524 rectoris.

204 612 440 656 [Regarding
456 611 513 644 tlte
528 612 657 652 sama]

322 686 457 726 Anno
498 691 542 724 et
579 684 675 724 loco
708 682 889 731 eisdem,
926 683 967 721 in
1006 681 1197 721 crastino
1234 681 1350 721 beati
1388 682 1612 722 Laurentii
1649 682 1872 722 emanavit

205 756 350 796 littera
390 754 559 794 decano
600 753 655 793 de
698 752 934 805 Pageham,
971 757 1015 791 et
1056 750 1238 790 domino
1281 751 1362 801 W.,
1399 751 1553 791 rectori
1596 751 1776 791 ecclesie
1818 751 1873 791 de

208 825 452 872 Loventon‚
478 823 532 863 ad
566 821 862 874 colligendum
895 827 938 860 et
971 820 1092 860 salvo
1122 820 1424 873 reponendum
1453 834 1502 860 ac
1532 820 1613 860 sub
1647 826 1873 873 sequestro

206 891 544 934 custodiendum
587 891 752 931 fructus
793 890 976 930 ecclesie
1017 889 1072 930 de
1104 889 1392 942 Tangemere,
1424 896 1468 930 et
1509 889 1591 929 hoc
1624 889 1873 942 sumptibus

207 962 386 1002 rectoris
408 960 616 1009 defuncti,
637 960 791 1008 donec,
813 966 905 1008 etc.,
927 966 975 999 ut
998 972 1139 1011 supra.

208 1087 370 1130 [Release
385 1086 430 1128 of
440 1085 491 1118 St.
509 1084 639 1127 Eval]

326 1160 621 1199 RELAXATIO
682 1166 955 1206 SEQUESTRI
1009 1157 1196 1198 SANCTI
1250 1156 1620 1197 UVEL1.—Anno
1676 1163 1720 1197 et
1780 1156 1877 1196 loco

208 1229 387 1278 eisdem,
422 1229 503 1268 xix
534 1227 617 1268 kal.
643 1227 835 1280 Augusti
867 1227 1115 1267 relaxatum
1143 1226 1224 1266 fuit
1253 1233 1528 1280 sequestrum
1561 1226 1712 1267 Sancti
1749 1226 1877 1267 Uveli

209 1300 252 1339 in
282 1297 545 1346 Cornuallia,
580 1296 849 1336 Exoniensis
881 1295 1079 1345 diocesis,
1103 1295 1266 1336 factum
1301 1309 1378 1348 per
1408 1295 1614 1335 custodes
1646 1295 1878 1349 spirituali-

209 1368 312 1408 tatis
338 1365 618 1413 Exoniensis,
640 1365 744 1405 sede
766 1371 963 1413 vacante,
985 1364 1040 1404 de
1062 1364 1203 1417 gratia
1225 1365 1393 1404 domini
1418 1364 1606 1417 speciali.

210 1492 373 1536 [Release
388 1492 433 1535 os
442 1490 638 1533 Stallmm]

328 1566 622 1605 RELAXATIO
650 1571 922 1612 SEQUESTRI
957 1570 1190 1603 ECCLESIE
1224 1571 1288 1601 DE
1323 1562 1778 1603 STALHAM.—Anno
1810 1561 1882 1602 die

210 1642 254 1676 et
277 1635 373 1674 loco
396 1633 575 1682 eisdem,
598 1632 815 1672 relaxavit
848 1631 1054 1671 dominus
1084 1637 1358 1683 sequestrum
1389 1631 1444 1672 de
1467 1631 1678 1671 fructibus
1700 1631 1883 1671 ecclesie

212 1705 266 1745 de
300 1703 514 1752 Stalham,
548 1701 858 1754 Norwycensis
891 1700 1089 1749 diocesis,
1125 1700 1378 1740 exhibentis
1416 1700 1705 1753 privilegium,
1742 1706 1789 1740 ut
1826 1700 1881 1740 ad

212 1773 387 1813 ordines
410 1778 452 1812 et
476 1770 756 1812 residentiam
782 1783 869 1809 non
893 1775 1095 1809 teneatur
1113 1769 1352 1822 Opizonus,
1370 1783 1485 1810 nunc
1509 1776 1650 1810 rector
1671 1769 1882 1822 ejusdem.

213 1897 376 1941 [Release
391 1896 437 1939 of
447 1896 486 1928 F
483 1895 709 1935 reslzwater]

332 1972 626 2011 RELAXATIO
664 1977 937 2017 SEQUESTRI
973 1977 1248 2009 FRUCTUUM
1294 1977 1526 2009 ECCLESIE
1569 1978 1634 2008 DE
1678 1969 1884 2009 FRYssss-

214 2049 390 2080 WATER
443 2048 495 2078 IN
554 2039 743 2078 INSULA
794 2037 1178 2077 VECTA.—Anno
1224 2044 1267 2077 et
1309 2037 1406 2077 loco
1447 2037 1626 2087 eisdem,
1669 2038 1759 2077 xvii
1803 2037 1884 2077 kal.

217 2108 503 2162 Septembris,
553 2107 777 2147 emanavit
824 2106 968 2146 littera
1011 2106 1222 2159 magistro
1276 2106 1376 2146 Ade
1427 2106 1482 2146 de
1536 2106 1663 2155 Hale,
1714 2106 1885 2146 custodi

216 2176 535 2231 spiritualitatis
578 2175 911 2224 Wintoniensis,
945 2181 1021 2215 aut
1062 2175 1177 2215 vices
1211 2188 1311 2214 suas
1346 2175 1612 2227 gerentibus,
1646 2174 1701 2215 ad
1744 2175 1886 2215 relax-

216 2247 381 2287 andum
424 2251 698 2298 sequestrum
734 2244 954 2284 fructuum
998 2244 1176 2284 rectoris
1218 2244 1400 2284 ecclesie
1436 2243 1492 2284 de
1527 2244 1807 2285 Frissewater
1844 2244 1886 2284 in

221 2315 369 2356 Insula
391 2314 545 2362 Vecta,
569 2313 888 2353 Vllintoniensis
918 2312 1116 2362 diocesis,
1138 2319 1182 2352 et
1211 2326 1419 2353 concessa
1441 2312 1522 2353 fuit
1548 2319 1745 2366 potestas
1767 2312 1887 2353 fratri

221 2383 420 2432 Hillario,
443 2382 562 2422 fratri
593 2381 839 2435 Hospitalis
869 2381 1028 2421 domus
1056 2381 1299 2434 Jerusalem
1330 2382 1373 2421 in
1398 2381 1575 2435 Anglia,
1598 2381 1653 2421 ad
1681 2381 1887 2434 colligen-

218 2453 323 2493 dum
357 2452 522 2491 fructus
553 2450 752 2503 ejusdem
785 2450 967 2490 ecclesie
999 2456 1042 2489 et
1075 2450 1176 2490 inde
1208 2449 1534 2503 disponendum
1563 2464 1641 2503 pro
1664 2464 1740 2490 sue
1763 2450 1888 2491 libito

218 2521 470 2569 voluntatis,
510 2526 553 2560 et
595 2519 712 2572 quod
766 2518 881 2559 idem
926 2525 1067 2559 rector
1109 2519 1243 2560 libere
1285 2520 1424 2572 possit
1466 2520 1668 2572 prosequi
1712 2520 1889 2573 negotia

219 2590 448 2631 ecclesiam
473 2589 613 2641 ipsam
637 2588 867 2640 tangentia
889 2587 932 2627 in
956 2587 1075 2627 curia
1098 2588 1226 2640 regia.

337 2705 499 2758 [Letler
522 2711 560 2744 2‘0
582 2703 650 2743 tlee
670 2703 795 2742 Dean
825 2703 878 2754 of
902 2702 1168 2744 [Vincltester.
1231 2703 1392 2756 Regz‘sl.
1420 2703 1557 2755 Epist.
1584 2702 1629 2757 s.
1660 2702 1888 2751 Peclelmm,

223 2775 249 2824 z‘,
270 2774 385 2828 2172]

223 2887 507 2931 [Sequestration
524 2886 570 2929 of
587 2884 831 2928 lVrcqubmy.]

341 2962 441 3001 PRO
487 2959 690 3000 ΑΒΒΑΤΕ
736 2958 1296 2999 GLOUCESTRIE.—Anno
1338 2958 1680 2999 consecrationis
1722 2958 1890 2998 domini

226 3029 553 3071 Cantuariensis
576 3027 716 3076 tertio,
739 3027 830 3067 xvii
854 3026 936 3067 kal.
959 3027 1167 3079 Januarii,
1185 3027 1302 3081 apud
1329 3027 1480 3077 Ichull,
1502 3027 1725 3068 emanavit
1747 3027 1890 3067 littera

226 3098 280 3139 ad
304 3097 669 3151 sequestrandum
693 3096 858 3136 fructus
887 3095 1069 3135 ecclesie
1098 3096 1153 3136 de
1183 3096 1541 3149 Wyrardisbyria
1574 3110 1653 3149 pro
1680 3096 1890 3149 pensione

225 3173 401 3208 centum
426 3166 663 3206 solidorum
688 3164 838 3205 debita
860 3164 1008 3205 abbati
1032 3170 1074 3205 et
1097 3165 1331 3206 conventui
1355 3164 1638 3205 Gloucestrie.
