2023 3453
213 173 301 230 146
641 168 931 231 Regz'strum
943 167 1200 231 sollemnis
1224 165 1438 213 Peclzam·
1589 165 1708 228 [A.D.
1745 168 1870 210 1280

202 331 424 384 expressis
457 328 796 382 cognominibus
830 327 1066 367 intimastis
1100 332 1144 366 et
1180 326 1348 366 citastis
1387 325 1441 365 ad
1478 324 1611 365 talem
1640 324 1772 373 diem,
1797 324 1873 376 qui

201 399 413 452 juridicus
462 398 711 438 nullatenus
753 396 837 436 dici
888 395 1032 444 debet,
1075 394 1151 434 sed
1200 394 1255 434 ad
1306 394 1560 447 proximum
1608 394 1725 433 diem
1775 399 1874 445 post

203 469 471 509 dominicam
496 468 538 507 in
564 467 718 506 Ramis
742 465 1006 512 palmarum,
1029 477 1128 503 cum
1152 463 1208 503 ab
1230 463 1387 503 eadem
1411 463 1634 503 dominica
1657 475 1796 514 usque
1818 461 1873 501 ad

204 545 406 578 octavam
437 535 603 576 Pasche
631 534 750 575 nulla
777 534 828 573 lis
855 533 1177 573 consuetudine
1207 533 1454 585 approbata
1484 531 1684 572 ventilari
1714 530 1875 571 debeat

205 622 279 647 seu
303 606 491 654 tractari,
506 604 848 645 denunciatione
872 602 1042 655 prefata
1065 602 1317 642 nullatenus
1340 601 1459 654 prius
1481 601 1607 641 facta.
1658 599 1876 653 Quocirca

208 676 251 715 in
274 675 435 715 virtute
457 672 708 713 obedientie
732 670 997 711 mandamus
1025 670 1233 722 quatinus
1261 669 1317 709 de
1344 669 1550 709 omnibus
1578 669 1751 708 omissis
1783 674 1874 708 tam

205 744 259 784 de
289 742 541 783 nominibus
575 754 708 793 quam
742 739 1082 793 cognominibus
1110 739 1328 779 dictorum
1364 738 1697 778 malefactorum
1733 736 1876 789 suple-

205 819 403 853 mentum
428 811 569 851 facere
591 810 751 850 curetis
775 809 868 850 vice
889 806 933 849 et
956 808 1221 848 auctoritate
1249 813 1400 847 nostra
1428 807 1470 846 in
1506 806 1648 846 forma
1677 805 1876 858 superius

204 887 427 922 annotata.
513 879 821 920 Intelleximus
875 878 1054 930 insuper
1106 876 1225 930 quod
1273 875 1453 929 quidem
1509 875 1753 928 iniquitatis
1801 873 1876 913 filii

204 956 477 1003 sequestrum
509 955 707 988 nostrum
738 949 780 987 in
809 947 995 987 ecclesia
1020 946 1075 987 de
1099 946 1340 998 Cherringe
1362 945 1592 986 violarunt.
1658 943 1877 997 Quocirca

203 1020 327 1060 vobis
382 1020 539 1059 iterato
589 1017 854 1058 mandamus
902 1016 1110 1069 quatinus
1158 1029 1312 1055 omnes
1360 1014 1456 1054 illos
1504 1013 1780 1054 denuncietis
1834 1013 1876 1052 in

203 1088 409 1143 generali,
431 1094 475 1128 et
497 1101 596 1128 cum
620 1086 745 1127 vobis
772 1085 827 1126 de
854 1085 1107 1125 nominibus
1137 1084 1384 1124 constiterit
1411 1084 1453 1123 in
1487 1082 1665 1135 speciali
1696 1095 1877 1122 excom-

205 1157 515 1198 municationis
538 1156 759 1196 sententia
781 1154 1011 1204 involutes‚
1034 1154 1221 1194 citantes
1239 1152 1418 1193 eosdem
1437 1165 1590 1192 eorum
1611 1151 1805 1191 fautores
1828 1164 1877 1190 ac

204 1241 283 1267 suo
305 1226 485 1267 facinori
508 1224 836 1265 consentientes
864 1222 982 1276 quod
1011 1228 1299 1275 compareant
1327 1235 1474 1261 coram
1504 1220 1632 1260 nobis
1660 1226 1779 1260 certo
1807 1219 1879 1259 die

205 1310 336 1350 quem
367 1295 422 1335 ad
460 1294 543 1334 hoc
577 1293 795 1333 duxeritis
837 1292 1156 1345 assignandum
1196 1291 1324 1331 nobis
1362 1303 1649 1342 responsuros
1686 1288 1878 1328 facturos

206 1371 250 1405 et
297 1369 549 1416 recepturos
593 1361 712 1414 quod
752 1360 923 1413 justitia
965 1360 1181 1409 suadebit,
1223 1358 1508 1412 sequestretis
1549 1358 1683 1398 etiam
1725 1370 1879 1397 omnes

205 1433 492 1474 obventiones
515 1431 632 1471 dicte
654 1431 813 1471 vicarie
836 1430 1010 1470 interim
1035 1428 1354 1482 percipiendas,
1376 1434 1421 1468 et
1451 1441 1476 1467 a
1499 1434 1700 1479 tempore
1731 1426 1878 1466 vicarii

205 1516 345 1555 nuper
374 1501 569 1542 defuncti
598 1506 840 1553 perceptas,
862 1506 906 1539 et
939 1498 1021 1538 sub
1050 1504 1171 1538 arcto
1201 1497 1438 1538 detineatis
1469 1502 1713 1548 sequestrO,
1735 1494 1879 1535 donec

205 1571 322 1612 aliud
354 1585 379 1611 a
406 1570 533 1610 nobis
560 1569 800 1610 habueritis
835 1569 878 1608 in
917 1567 1149 1607 mandatis.
1220 1567 1388 1607 Datum
1417 1565 1488 1605 die
1523 1572 1566 1605 et
1601 1565 1698 1605 loco
1728 1578 1878 1618 supra-

206 1641 346 1689 dictis,
369 1653 486 1680 anno
508 1638 850 1679 consecrationis
873 1643 1022 1677 nostre
1044 1637 1184 1677 tertio.

208 1770 493 1815 [Seqneslmtz'ou
509 1769 555 1812 of
570 1767 786 1811 Wmtlmm]

325 1860 665 1909 SEQUESTRUM
691 1867 755 1897 DE
779 1856 1263 1898 WROTHAM.——Anno
1291 1856 1431 1909 gratie
1455 1854 1701 1895 m⁰cc⁰lxxx
1726 1855 1880 1907 primo,

209 1945 234 1970 v
261 1929 364 1970 Idus
391 1928 508 1982 Julii‚
531 1928 649 1981 apud
674 1927 890 1980 Slyndon,
920 1926 1149 1967 mandavit
1178 1925 1385 1966 dominus
1413 1925 1567 1965 litteris
1595 1924 1682 1964 suis
1712 1924 1881 1964 decano

208 1999 264 2040 de
307 1998 551 2040 Shoreham
601 2003 649 2037 ut
698 1998 791 2050 ipse
837 2002 1132 2049 sequestraret
1180 2009 1334 2035 omnes
1382 1994 1549 2034 fructus
1597 1994 1779 2034 ecclesie
1826 1993 1881 2034 de

210 2068 456 2116 Wrofflam,
493 2073 583 2107 tam
627 2067 670 2106 in
712 2066 907 2119 grangiis
950 2079 1083 2117 quam
1127 2065 1230 2105 alibi
1268 2064 1524 2112 existentes,
1557 2069 1601 2103 et
1644 2062 1726 2102 sub
1760 2069 1881 2102 arcto

209 2144 377 2178 teneret
401 2142 628 2188 sequestro
651 2135 793 2175 donec
816 2135 934 2176 aliud
957 2135 1139 2175 haberet
1162 2135 1204 2174 in
1229 2133 1463 2174 mandatis.

213 2277 500 2321 [Seqnestratz'on
517 2276 563 2319 os
573 2276 780 2319 Lyminge]

329 2367 757 2408 LYMINGE.——Item
801 2367 1030 2407 consimile
1073 2365 1333 2406 mandatum
1371 2364 1594 2405 emanavit
1636 2363 1765 2403 dictis
1799 2362 1882 2411 die,

211 2452 340 2485 anno,
376 2444 419 2478 et
461 2437 557 2476 loco
599 2436 768 2476 decano
810 2436 865 2476 de
909 2436 1188 2489 Lymeneton
1233 2448 1311 2487 pro
1354 2433 1565 2474 fructibus
1607 2432 1789 2472 ecclesie
1826 2431 1881 2471 de

215 2507 434 2561 Lyminge
457 2505 796 2558 sequestrandis

327 2651 491 2705 [Letler
510 2656 549 2689 2‘0
572 2649 639 2688 tlze
660 2649 819 2700 Bislzop
841 2649 895 2700 of
905 2647 1133 2688 Roclzester
1151 2647 1327 2699 against
1346 2646 1415 2686 the
1436 2645 1577 2685 Abbot
1596 2646 1649 2696 (ff
1667 2645 1877 2697 Baylmm.

213 2721 374 2773 Regz'st.
398 2719 535 2771 Epist.
550 2718 595 2772 J.
618 2717 847 2766 Peclelmm,
869 2717 896 2766 2',
917 2716 1033 2769 208]

329 2799 494 2852 [Lelter
513 2804 552 2838 to
575 2798 643 2837 {lle
663 2797 937 2837 Archdeacon
963 2798 1016 2848 of
1034 2797 1181 2836 Lewes
1206 2795 1457 2847 concerning
1482 2795 1550 2835 tlze
1569 2809 1695 2834 same.
1758 2794 1880 2842 Ibid„

215 2869 240 2915 τ’,
263 2868 378 2922 2IO.]

304 2998 381 3041 [Fo.
408 2997 474 3041 58.]

333 3071 467 3111 Anno
496 3071 636 3123 gratie
665 3069 791 3110 m⁰cc⁰
824 3070 1111 3123 Octogesimo
1145 3071 1286 3123 primo
1321 3070 1476 3111 Mense
1508 3068 1624 3122 Julii‚
1656 3081 1882 3108 consecra-

218 3140 349 3181 tionis
372 3139 540 3179 domini
564 3152 680 3179 anno
703 3139 841 3180 tertio.
