2023 3453
212 160 301 226 184
637 160 925 231 Regz'strum
939 160 1190 231 joliannis
1215 162 1429 215 Pecbam
1589 162 1706 232 [A.D.
1744 167 1863 217 1282

205 341 361 367 manus
390 326 607 367 dictorum
634 333 936 375 executorum,
959 333 1006 366 ut
1029 327 1294 377 asserebant,
1316 327 1371 368 de
1393 328 1519 368 bonis
1542 328 1648 369 dicti
1672 329 1867 371 defuncti

204 401 377 436 tantum
401 402 658 448 pervenerat
680 395 798 436 unde
820 395 873 435 ad
899 395 1078 448 plenum
1102 396 1353 437 satisfacere
1376 403 1624 450 potuerunt.

204 525 441 568 [Ordz'nation
464 528 504 558 at
521 525 551 558 C
550 525 751 567 ln'claesterz]

917 570 1156 612 ORDINES.

322 663 662 703 Memorandum
697 661 816 714 quod
851 662 894 701 in
930 662 1076 715 vigilia
1112 663 1274 704 Sancte
1310 664 1552 715 Trinitatis,
1573 664 1789 714 videlicet,
1821 671 1870 704 x⁰

205 731 287 772 kal.
319 732 438 784 Junii
470 745 586 771 anno
621 731 801 770 Domini
836 733 963 770 111⁰ccO
988 732 1260 785 octogesimo
1292 733 1498 783 secundo,
1530 734 1870 774 consecrationis

205 801 371 841 domini
395 807 563 854 quarto,
579 800 814 840 celebravit
832 799 1037 840 dominus
1061 801 1414 854 archiepiscopus
1433 802 1607 843 ordines
1622 803 1665 842 in
1688 801 1871 842 ecclesia

204 871 385 910 fratrum
429 871 646 910 minorum
690 869 926 922 Cycestrie,
969 869 1084 909 facta
1126 871 1244 922 prius
1291 871 1624 911 examinatione
1665 871 1869 911 ordinan-

203 939 359 979 dorum
383 953 460 992 per
491 940 750 991 magistrum
778 939 1020 979 Robertum
1053 938 1108 979 de
1132 939 1254 992 Lacy
1276 947 1319 980 et
1351 940 1580 981 dominum
1606 942 1783 981 Petrum
1815 940 1871 981 de

205 1005 447 1046 Guldeford
466 1020 474 1055 3
508 1006 688 1045 nomina
710 1012 858 1045 autem
882 1005 1184 1045 ordinatorum
1208 1012 1309 1046 sunt
1331 1006 1422 1047 hec.

887 1139 1196 1179 PRESBITERI.

317 1225 542 1278 Johannes
594 1224 725 1264 Torel
784 1224 838 1264 de
892 1225 1092 1273 Merene,
1144 1225 1198 1265 ad
1261 1225 1437 1265 titulum
1491 1227 1742 1279 patrimonii
1794 1227 1872 1276 sui,

204 1294 538 1347 Wyntoniensis
571 1293 767 1333 diocesis.

321 1364 542 1403 Robertus
579 1362 634 1402 de
670 1362 876 1411 Dovoria‚
910 1362 965 1402 ad
1004 1363 1180 1403 titulum
1218 1362 1434 1414 Johannis
1468 1363 1523 1403 de
1560 1364 1765 1413 Dovoria,
1797 1364 1871 1416 qui

202 1432 336 1481 dedit,
358 1439 401 1472 et
425 1446 500 1485 per
524 1438 688 1472 cartam
713 1445 837 1470 suam
863 1432 1089 1480 concessit,
1112 1431 1231 1471 dicto
1256 1432 1453 1472 Roberto
1475 1432 1579 1472 dum
1604 1433 1774 1482 vixerit,
1789 1447 1870 1473 sex

201 1515 397 1541 summas
419 1501 539 1541 ordei
562 1507 605 1541 et
628 1508 714 1540 tres
737 1514 932 1540 summas
965 1500 1131 1553 [blank]
1165 1501 1393 1541 annuatim
1418 1502 1734 1554 percipiendas.

317 1569 566 1609 Willelmus
607 1569 662 1609 de
706 1569 999 1617 Peteresfeud‚
1042 1569 1096 1609 ad
1139 1569 1316 1609 titulum
1360 1570 1538 1609 rectoris
1589 1570 1772 1610 ecclesie
1816 1570 1871 1610 de

201 1638 551 1691 Warblingtone,
573 1638 909 1690 Wyntoniensis
932 1637 1129 1678 diocesis.

320 1708 534 1760 Magister
570 1707 791 1747 Robertus
828 1706 883 1746 de
922 1706 1153 1759 Sperham,
1191 1713 1331 1747 rector
1368 1707 1550 1747 ecclesie
1584 1708 1639 1747 de
1674 1707 1870 1761 Phileby,

203 1776 497 1816 Norwicensis
520 1775 717 1824 diocesis,
740 1782 784 1815 et
806 1775 960 1815 habuit
982 1775 1265 1816 dimissorias.

321 1845 535 1898 Magister
573 1845 802 1897 Philippus
837 1844 892 1884 de
930 1844 1154 1894 Tranfeld‚
1188 1851 1330 1884 rector
1365 1844 1546 1884 ecclesie
1582 1844 1638 1884 de
1676 1845 1870 1885 Burwar-

202 1914 408 1954 mersche.

319 1982 658 2022 Bartholomeus
722 1982 777 2022 de
844 1981 1103 2034 Brudeport‚
1167 1982 1351 2022 vicarius
1415 1982 1470 2022 de
1527 1982 1872 2035 Wyscheburne,

202 2052 536 2104 Wyntoniensis
568 2051 765 2091 diocesis.

320 2121 535 2174 Magister
559 2122 760 2173 Rogerus
782 2121 837 2160 de
861 2119 1119 2169 Rothwelle‚
1142 2126 1283 2160 rector
1304 2120 1485 2159 ecclesie
1507 2119 1562 2159 de
1587 2120 1841 2160 Merstham.

320 2190 574 2239 Nicholaus,
617 2196 759 2230 rector
809 2189 992 2229 ecclesie
1033 2188 1088 2228 de
1131 2189 1491 2242 Abbingewrffie,
1533 2188 1871 2241 Wyntoniensis

200 2258 397 2298 diocesis.

322 2326 535 2366 Ricardus
559 2327 613 2367 de
637 2326 926 2379 Otringdene,
949 2326 1003 2366 ad
1027 2326 1203 2366 titulum
1227 2326 1448 2366 abbatisse
1470 2333 1513 2366 et
1537 2326 1792 2366 monialium
1816 2325 1871 2366 de

204 2395 495 2435 Dauinctone.

321 2464 474 2504 Frater
526 2464 698 2503 Alanus
765 2463 820 2503 de
885 2463 1154 2512 Audeburia,
1206 2463 1448 2502 monachus
1510 2462 1565 2502 de
1619 2463 1871 2516 VVaverlyh,

204 2533 520 2586 Cysterciensis
552 2532 727 2572 ordinis.

317 2602 541 2654 Johannes
564 2601 619 2641 de
642 2601 774 2642 Cliva.

321 2670 541 2710 Robertus
564 2671 618 2710 de
641 2670 900 2722 Tangmere.
940 2668 996 2708 ad
1023 2670 1393 2721 presentationem
1417 2669 1572 2708 decani
1596 2668 1651 2708 de
1671 2669 1867 2722 Malling.

318 2740 542 2792 Johannes
572 2740 626 2779 de
649 2738 900 2778 VVadhurst.

323 2809 536 2860 Magister
560 2808 786 2860 Philippus
819 2806 874 2846 de
898 2806 1153 2855 Guldeford‚
1177 2813 1317 2847 rector
1338 2807 1519 2847 ecclesie
1551 2806 1606 2846 de
1630 2806 1868 2855 Morstede,

205 2877 539 2929 Wyntoniensis
561 2876 757 2916 diocesis.

323 2946 537 2998 Magister
559 2945 806 2985 Willelmus
830 2945 884 2985 de
908 2944 1146 2997 XVykham,
1170 2951 1309 2984 rector
1331 2945 1513 2984 ecclesie
1544 2945 1599 2985 de
1623 2945 1868 2993 Ennestan,

208 3015 528 3056 Lincolniensis
551 3016 748 3064 diocesia
770 3022 812 3055 et
836 3015 987 3054 habuit
1010 3015 1290 3054 dimissorias.

321 3084 559 3136 Johannes,
583 3092 723 3124 rector
754 3084 936 3124 ecclesie
968 3083 1023 3123 de
1057 3083 1283 3131 Lamethe,
1305 3090 1348 3123 et
1380 3090 1445 3123 est
1478 3083 1588 3122 infra
1619 3096 1783 3122 annum
1816 3089 1864 3122 ut

204 3151 321 3192 dicit.
