2023 3453
179 189 222 220 A.
233 190 275 220 D.
308 191 321 220 1
337 191 359 220 2
369 176 395 220 8
404 173 451 235 3]
588 173 640 219 Α
650 172 963 235 rclzz'epz'scopz'
1011 172 1052 219 C
1052 171 1401 219 antuarz'ensz's.
1751 190 1811 222 20
1818 189 1842 234 3

179 332 392 372 rationem
430 331 573 372 eidem
614 332 888 380 remittimus,
925 338 966 371 et
1005 331 1201 383 quietum
1242 330 1584 383 absolutumque
1622 330 1846 371 reddimus

180 414 255 453 per
290 406 523 453 presentes.
591 400 639 439 In
673 399 796 451 cujus
835 400 891 440 rei
925 399 1229 439 testimonium
1263 404 1487 451 presentes
1520 398 1686 440 litteras
1717 399 1845 452 sigilli

178 469 312 509 nostri
357 469 537 509 fecimus
579 469 850 521 appensione
903 469 1071 508 muniri.
1137 469 1304 508 Datum
1348 468 1465 521 apud
1510 468 1726 517 Tenham,
1769 469 1846 508 xiii

177 537 258 577 kal.
294 537 512 585 Octobris,
544 551 660 577 anno
694 538 876 577 Domini
910 537 1035 577 m⁰cc⁰
1067 537 1341 589 octogesimo
1373 537 1514 586 tertio,
1559 537 1848 577 ordinationis

179 613 325 647 nostre
358 607 524 658 quinto.

268 695 346 738 [Fo.
376 695 484 738 109b.]

178 749 415 790 [Ordl‘nall'on
431 752 472 781 at
485 749 743 789 favars-lazur]

895 795 1134 835 ORmNEs.

179 875 408 915 ORDINEs
442 873 727 914 CELEBRATI
762 883 814 913 IN
851 882 1085 915 ECCLESIA
1120 874 1288 914 BEATE
1318 875 1487 914 MARIE
1512 885 1575 915 DE
1601 876 1849 917 FAVEREs-

296 952 404 982 HAM
439 952 522 982 DIE
556 942 810 983 SABBATHI
844 952 1084 991 QUATUOR
1112 952 1392 983 TEMPORUM
1423 953 1591 984 MENSE
1626 944 1847 985 SEPTEM-

295 1020 400 1052 mus
433 1020 577 1051 ANNo
612 1011 808 1051 DOMINI
844 1020 908 1051 UT
941 1020 1110 1051 SUPRA.

904 1085 1126 1126 ACOLITI.

293 1154 542 1194 willelmus
564 1154 620 1194 de
644 1154 825 1193 Bocton.
1133 1154 1381 1194 XVillelmus
1411 1154 1465 1195 de
1491 1155 1849 1208 Lurdingdenne.

294 1224 540 1264 Willelmus
556 1223 611 1263 de
629 1223 954 1276 Ripariajuxta
1130 1224 1356 1276 Johannes
1398 1224 1608 1264 Hanekin
1645 1225 1701 1265 de
1736 1226 1848 1266 Can—

180 1293 432 1333 Dovoriam.
1016 1293 1167 1332 tuaria.

291 1361 517 1414 Johannes
536 1361 754 1402 Carbonel
773 1360 828 1401 de
848 1361 980 1402 Cher-
1132 1361 1287 1402 Simon
1311 1361 1366 1401 de
1390 1362 1557 1403 Sancto
1581 1362 1754 1416 Alfego.

178 1431 309 1483 ringe.
1136 1431 1308 1470 Alanus
1330 1430 1385 1471 de
1411 1431 1710 1472 Herbaldone.

297 1499 446 1539 Hamo
469 1499 524 1539 (16
551 1499 685 1539 domo
712 1499 794 1538 Dei
823 1499 878 1538 de
902 1498 985 1539 Os·
1139 1498 1285 1539 Adam
1309 1499 1364 1539 de
1388 1499 1649 1541 Romenhal.

178 1570 342 1622 pringe.
1132 1568 1352 1608 Robertus
1388 1569 1557 1610 Russel.

295 1638 496 1690 Rogerus
529 1636 584 1677 de
620 1637 823 1676 Dovoria.

295 1706 510 1746 Ricardus
552 1705 607 1745 de
650 1706 690 1745 la
735 1705 876 1745 Bothe
927 1706 982 1745 de

182 1776 385 1816 Dovoria.

296 1845 497 1897 Rogerus
540 1844 657 1883 Vere
699 1843 754 1883 (16
799 1844 981 1883 Favere-

179 1915 314 1954 sham.

298 1982 516 2022 Henricus
548 1981 603 2021 de
627 1981 902 2034 XVenthorpe
928 1981 983 2021 de

181 2051 428 2093 Cantuaria.

297 2120 451 2161 Simon
489 2119 753 2159 Marchaunt
785 2119 839 2159 (16
875 2121 983 2159 Fav-

180 2190 390 2229 eresham.

295 2258 519 2310 johannes
540 2258 666 2310 Deye
689 2257 743 2296 (16
763 2258 1012 2298 Cantuaria.

298 2327 517 2366 Robertus
558 2326 613 2366 de
656 2326 823 2367 Sancto
862 2326 984 2366 Dun-
1043 2379 1050 2384 „

180 2404 307 2436 stano
339 2396 394 2436 (16
428 2395 676 2436 Cantuaria.

298 2464 498 2516 Rogerus
521 2464 576 2503 de
602 2463 846 2504 Hakinton.

297 2532 544 2572 &Villelmus
566 2532 622 2572 de
645 2533 818 2573 WVelles.

297 2600 545 2640 &Villelmus
568 2600 623 2641 de
647 2602 801 2641 Burne.

298 2670 452 2709 Petrus
474 2669 529 2709 de
554 2669 794 2722 Beddinge.

295 2737 520 2789 Johannes
550 2738 704 2790 Lynch
734 2738 790 2778 cle
816 2740 1007 2779 Preston.

296 2805 521 2857 Johannes
540 2806 683 2845 Pistor
700 2805 755 2846 de
775 2806 978 2847 Dovoria.

296 2873 520 2926 Johannes
543 2873 597 2914 de
621 2875 803 2915 TanetO.

297 2942 545 2982 &Villelmus
568 2943 623 2982 (16
648 2943 870 2996 Mepham.

299 3010 551 3063 Stephanus
577 3011 632 3051 de
655 3011 838 3053 Taneto.

300 3080 338 3120 N
345 3079 540 3119 icholaus
565 3080 620 3120 de
648 3080 896 3134 Blechinge.

301 3148 519 3188 Martinus
541 3146 596 3188 de
619 3148 822 3202 Burgate.

1132 1637 1381 1677 Willelrnus
1409 1637 1465 1677 de
1490 1639 1671 1679 Bocton.

1129 1706 1356 1758 Johannes
1379 1706 1434 1746 de
1458 1707 1732 1748 Chelesfeud.

1133 1775 1381 1815 XVillelrnus
1404 1775 1459 1816 de
1486 1778 1704 1818 Prestone.

1130 1844 1356 1896 Johannes
1381 1844 1536 1886 Noble.

1134 1913 1282 1953 Adam
1309 1914 1577 1966 Denghurst.

1136 1982 1270 2034 Hugo
1293 1982 1332 2021 le
1357 1983 1522 2023 Neuch.

1135 2050 1332 2090 Thomas
1358 2051 1655 2093 Delmestone.

1134 2119 1357 2160 Gilbertus
1384 2120 1539 2173 Loges.

1132 2189 1358 2241 Johannes
1384 2189 1440 2229 de
1464 2190 1672 2243 Baggige.

1134 2257 1356 2297 walterus
1381 2258 1415 2297 F
1419 2259 1531 2298 inch.

1137 2326 1398 2379 Radulphus
1420 2326 1475 2367 de
1499 2328 1673 2369 Sutton.

1133 2396 1331 2435 Thomas
1354 2396 1409 2436 de
1434 2397 1719 2439 Moneketon.

1135 2465 1269 2518 Hugo
1292 2464 1347 2505 de
1375 2465 1644 2506 Herbaldon.

1134 2534 1289 2574 Petrus
1312 2533 1367 2574 de
1392 2534 1590 2575 Brendle.

1133 2601 1279 2642 Adam
1304 2602 1359 2642 de
1383 2602 1589 2644 Sindane.

1131 2670 1329 2710 Thomas
1349 2671 1531 2711 Furmir.

1127 2739 1353 2791 Johannes
1376 2739 1432 2779 de
1455 2740 1699 2781 Suvenake.

1128 2807 1354 2859 Johannes
1379 2808 1414 2847 F
1418 2814 1543 2848 ruter.

1130 2876 1378 2916 Willelmus
1401 2876 1456 2916 de
1480 2877 1675 2918 Poltone.

1131 2944 1383 2997 Stephanus
1406 2945 1461 2985 de
1485 2946 1684 2987 Suttone.

1133 3012 1281 3053 Adam
1304 3012 1359 3053 de
1383 3013 1752 3067 Godwynestone.

1134 3081 1394 3134 Radulphus
1418 3082 1472 3122 (16
1496 3083 1702 3137 Bedinge.

1068 3202 1073 3206 ι
1130 3149 1437 3202 Cristopherus
1460 3150 1516 3190 de
1540 3151 1738 3193 Brendle.
