2023 3453
191 184 234 214 A.
243 184 287 214 D.
320 185 333 214 1
349 185 371 214 2
380 168 464 231 87]
635 169 687 215 Α
697 168 1012 231 rclzz'epz‘scopz'
1035 170 1076 216 C
1076 169 1306 215 cantuarie
1313 168 1424 215 usis.
1761 184 1782 213 2
1791 182 1820 226 4
1829 181 1851 226 7

308 327 544 380 Gregorius
577 327 631 367 de
665 328 890 376 Slindone,
923 328 978 367 ad
1012 327 1385 380 presentationem
1418 326 1548 366 deani
1582 325 1676 378 [sic]
1711 325 1855 366 Cices-

192 396 360 444 trensis,
382 402 425 435 et
448 396 623 436 titulum
648 397 794 435 vicarii
817 395 872 436 de
895 395 1244 448 Andyngborne.

310 464 482 503 Eliseus
510 463 564 504 de
594 464 836 512 Blockelee,
867 464 1169 516 XVi‘gornensis
1197 463 1395 511 diocesis,
1424 476 1500 515 per
1527 462 1786 509 dimissoria,
1814 468 1857 500 et

192 533 247 572 ad
281 533 456 572 titulum
480 540 523 572 et
557 533 928 585 presentationem
964 533 1117 585 prioris
1149 539 1192 572 et
1224 540 1467 572 conventus
1497 531 1648 572 Sancti
1673 530 1856 582 Gregori

194 602 439 642 Cantuarie.

308 670 556 710 W'illelmus
579 669 634 709 de
660 670 900 722 Herlynge,
924 670 1234 722 Norwycensis
1256 670 1455 717 diocesis,
1478 683 1554 721 per
1575 668 1857 715 dimissorias,

191 745 234 779 et
257 738 311 778 ad
335 738 511 778 titulum
536 744 582 777 ut
605 738 722 778 alias.

310 806 530 846 Robertus
557 806 612 846 de
637 806 898 853 Bradeham,
924 807 1233 858 Norwycensis
1256 805 1454 855 diocesis,
1479 820 1554 858 per
1576 805 1858 853 dimissorias,

192 882 235 915 et
258 875 312 915 ad
336 874 512 915 titulum
536 875 789 927 patrimonii
813 888 947 926 quum
973 875 1229 926 acceptavit.

307 944 533 996 Johannes
575 943 738 983 Talbot
780 942 834 982 de
887 943 1146 995 Oxeburgh,
1190 943 1499 995 Norwycensis
1541 943 1739 991 diocesis,
1784 956 1858 995 per

192 1013 476 1060 dimissorias,
499 1012 554 1052 ad
579 1012 952 1064 presentationem
978 1012 1174 1063 magistri
1201 1011 1253 1051 A.
1278 1011 1333 1051 de
1360 1011 1484 1051 Hale.

307 1081 532 1133 Johannes
555 1080 610 1120 de
636 1080 766 1129 Iford‚
790 1080 1091 1132 Cycestrensis
1114 1079 1312 1128 diocesis,
1336 1094 1412 1133 per
1439 1080 1709 1120 dimissorias
1732 1087 1775 1120 et
1803 1079 1858 1119 ad

192 1150 370 1191 titulum
395 1163 472 1202 per
493 1149 724 1189 dominum
748 1148 989 1197 ordinatus,
1012 1156 1059 1188 ut
1082 1148 1200 1188 alias.

309 1219 458 1259 Adam
481 1218 536 1258 de
564 1218 794 1266 Romenal,
817 1218 871 1257 ad
896 1218 1072 1257 titulum
1099 1224 1145 1257 ut
1168 1218 1274 1257 alias
1297 1217 1598 1257 sufficientem.

309 1287 551 1327 Nicholaus
574 1287 629 1327 de
653 1286 849 1340 Pedinge
873 1287 913 1325 in
940 1286 1061 1334 Esse,
1085 1286 1140 1325 ad
1164 1286 1340 1326 titulum
1366 1286 1618 1339 patrimonii
1643 1294 1689 1326 ut
1713 1286 1829 1325 alias.

307 1357 532 1409 Johannes
555 1355 610 1396 de
634 1355 799 1409 Staple,
822 1355 876 1395 ad
901 1356 1078 1395 titulum
1103 1362 1150 1395 ut
1173 1355 1293 1394 alias:

306 1426 532 1478 Johannes
573 1425 628 1465 de
671 1425 858 1466 Camera
900 1425 942 1463 in
988 1425 1258 1473 Penecestre,
1301 1424 1356 1464 ad
1399 1425 1774 1477 presentationem
1817 1431 1861 1464 et

192 1495 379 1548 gratiam
403 1494 572 1534 domini
595 1493 650 1534 de
675 1495 944 1534 Penecestre.

310 1563 531 1603 Robertus
554 1563 609 1604 de
643 1563 873 1604 Uffintone
895 1563 950 1602 de
983 1562 1192 1615 parochia
1224 1561 1278 1602 de
1303 1562 1567 1614 XVengham,
1591 1561 1645 1601 ad
1679 1561 1856 1601 titulum

194 1633 445 1686 patrimonii
469 1639 516 1673 ut
539 1633 657 1672 alias.

307 1702 533 1755 Johannes
557 1702 596 1742 le
618 1702 750 1741 Veire
773 1701 827 1741 de
855 1701 1016 1749 Herne,
1039 1700 1094 1740 ad
1118 1700 1294 1740 titulum
1321 1701 1573 1753 patrimonii
1597 1701 1673 1740 sui.

308 1772 506 1812 Thomas
528 1772 583 1812 de
607 1771 944 1820 Godmersham,
962 1770 1017 1810 ad
1041 1771 1217 1810 titulum
1243 1770 1550 1823 proprium,de
1573 1784 1660 1822 quo
1683 1785 1728 1809 se
1752 1769 1862 1809 bene

193 1847 454 1881 contentum
479 1841 708 1894 reputavit.

310 1910 570 1959 Willelmus,
594 1916 736 1950 rector
757 1909 939 1949 ecclesie
964 1909 1116 1950 Sancti
1139 1908 1293 1961 Jacobi
1319 1908 1523 1948 Dovorie.

870 2018 1191 2058 PRESBYTERI.

309 2109 547 2161 Johannes,
581 2116 721 2149 rector
756 2109 938 2149 ecclesie
975 2108 1030 2148 de
1068 2108 1219 2156 Stoke,
1254 2108 1525 2147 Exoniensis
1557 2106 1755 2155 diocesis,
1789 2121 1864 2160 per

194 2178 476 2218 dimissorias.

313 2247 618 2294 Ricardusde
654 2247 849 2295 Smethe,
883 2245 938 2285 ad
981 2245 1156 2285 titulum
1201 2253 1244 2285 et
1282 2245 1656 2298 presentationem
1696 2245 1861 2284 domini

196 2315 369 2355 Thome
391 2314 446 2355 de
470 2315 722 2356 Chertham.

311 2383 535 2424 Galfridus
557 2383 612 2423 de
636 2384 910 2436 Nonington,
933 2382 988 2422 ad
1012 2382 1190 2422 titulum
1225 2382 1460 2435 proprium,
1485 2381 1539 2421 de
1563 2395 1649 2433 quo
1673 2395 1718 2420 se
1751 2381 1863 2420 bene

195 2458 452 2492 contentum
477 2453 707 2506 reputavit.

311 2520 508 2561 Thomas
535 2521 590 2561 de
621 2521 836 2574 Walepol,
865 2521 1159 2560 Norwicensis
1186 2520 1385 2568 diocesis,
1414 2533 1489 2572 per
1517 2519 1684 2559 litteras
1712 2518 1861 2558 dimis-

196 2590 354 2629 sorias.

310 2658 535 2710 Johannes
567 2658 622 2698 de
656 2658 1006 2711 Norhamptone,
1032 2657 1352 2697 Lincolniensis
1385 2656 1583 2703 diocesis,
1608 2669 1682 2708 per
1714 2655 1863 2695 dimis-

196 2727 344 2775 sorias,
366 2727 420 2767 ad
445 2727 620 2767 titulum
647 2728 911 2780 patrimonii,
935 2734 982 2767 ut
1004 2727 1111 2766 alias
1134 2725 1372 2766 ordinatus.

313 2794 574 2835 Alexander
595 2795 651 2836 de
685 2796 882 2849 Estlegh,
908 2795 1241 2841 Lincolniensis,
1264 2793 1318 2833 ad
1353 2793 1530 2833 titulum
1564 2800 1607 2832 et
1640 2800 1862 2845 presenta-

197 2863 362 2902 tionem
387 2863 560 2903 abbatis
583 2871 626 2903 et
648 2871 891 2904 conventus
917 2864 1178 2904 Dorcestrie.

312 2931 538 2983 Johannes
579 2933 634 2972 de
680 2933 807 2982 Hale,
852 2933 1161 2985 Norwycensis
1208 2931 1411 2978 diocesis,
1453 2944 1551 2969 cum
1595 2929 1865 2980 dimissoriis,

199 3000 391 3053 periculo
415 3001 612 3053 magistri
638 3001 739 3042 Ade
761 3001 815 3041 de
842 3002 968 3041 Hale.

315 3069 511 3109 Thomas
546 3070 655 3110 Bille
687 3070 742 3111 de
778 3071 982 3118 Hicham,
1005 3069 1059 3109 ad
1093 3069 1269 3109 titulum
1305 3067 1527 3119 proprium
1562 3067 1864 3116 sufficientem,

199 3135 254 3176 de
276 3151 363 3189 quo
387 3137 499 3178 bene
522 3153 567 3178 se
589 3146 848 3179 contentum
873 3139 1102 3191 reputavit.
