2023 3453
195 189 291 220 A.D.
323 190 337 220 1
352 173 466 237 287]
627 175 679 220 Α
687 173 1002 236 relcz'epz'scopz'
1040 173 1427 220 cantuariensis.
1771 188 1793 217 2
1803 189 1862 232 39

284 331 360 373 [Fo.
384 331 497 373 125b.]

317 420 566 455 LITTERE
592 420 911 454 COMMUNES
935 420 1005 453 ET
1030 419 1269 454 NOMINA
1295 417 1738 452 ORDINATORUM.

196 485 433 526 [Or-dimaon
450 488 491 517 at
511 486 702 527 Tarring]

198 559 428 600 ORDINES
460 569 736 600 CELEBRATI
771 569 823 599 IN
856 568 1091 600 EccrAEsrA
1122 567 1461 598 PARROCHIALI
1496 566 1561 596 DE
1585 557 1864 596 TERRYNGE

313 628 679 669 CYCEsTRENsls
717 637 950 669 DYOCESIS
989 637 1081 667 PER
1121 636 1363 667 DOMINUM
1407 627 1692 679 JOHANNEM
1738 625 1865 665 CAN-

312 706 637 738 TUARIENSEM
684 697 1133 738 ARCHIEPISCOPUM
1184 706 1268 735 DIE
1318 697 1573 737 SABBATHI
1622 703 1865 744 QUATUOR

313 775 592 806 TEMPORUM
623 775 804 807 MENsrs
829 767 1120 806 DECEMBRIS
1149 775 1292 805 ANNo
1324 766 1519 805 DOMINI
1552 767 1682 805 M⁰cc⁰
1706 764 1865 804 OCTo-

314 844 500 876 GESIMo
534 844 702 875 SEXTO.

923 892 1146 932 AcomTr.

311 978 532 1017 Walterus
555 977 610 1017 de
634 978 897 1030 VVengham.
1152 977 1370 1016 Robertus
1393 977 1448 1016 de
1474 977 1708 1029 Pageham.

313 1046 460 1086 Adam
485 1046 540 1086 de
563 1047 802 1098 Terrynge.
1149 1046 1369 1084 Robertus
1392 1045 1447 1084 de
1471 1045 1707 1097 Pageham.

310 1116 535 1169 Johannes
559 1115 746 1168 Kempe.
1149 1114 1365 1154 Radulfus
1388 1113 1443 1153 de
1469 1114 1703 1166 Pageham.

311 1185 536 1238 Johannes
562 1184 679 1237 Elys
1152 1182 1400 1222 Willelmus
1423 1182 1478 1222 de
1505 1183 1739 1235 Pageham.

311 1253 560 1293 Willelmus
585 1254 756 1306 Sewyn.
1151 1251 1366 1292 Ricardus
1391 1251 1645 1304 Gatewyke.

314 1323 536 1363 Gilbertus
554 1323 698 1362 Boner
711 1322 766 1362 de
784 1323 1023 1375 Terrynge.
1147 1321 1390 1360 Nicholaus
1416 1321 1592 1360 Martin.

313 1391 528 1431 Ricardus
553 1391 690 1444 Bally.
1148 1390 1303 1430 Simon
1329 1389 1485 1429 Burde.

314 1460 529 1500 Radulfus
552 1460 606 1500 (16
630 1459 868 1501 Cokefeud.
1150 1459 1348 1498 Norman
1376 1458 1504 1498 Keul.

314 1529 529 1570 Ricardus
552 1529 607 1569 de
630 1528 886 1570 Grenstede.

874 1638 1198 1679 SUBDIACONI.

314 1718 578 1771 Radulphus
611 1718 666 1758 de
700 1718 884 1771 Olneye,
919 1717 1241 1757 Lincolniensis
1273 1716 1471 1765 diocesis,
1505 1731 1581 1769 per
1621 1716 1869 1756 dimissoria

198 1789 262 1828 sui
285 1788 520 1836 diocesani,
544 1787 598 1827 ad
622 1787 798 1827 titulum
822 1787 1004 1827 ecclesie
1030 1786 1260 1826 Roffensis.

312 1857 537 1909 Johannes
571 1856 626 1896 de
662 1857 790 1905 Hale,
825 1856 1133 1908 Norwycensis
1176 1855 1375 1903 diocesis
1408 1868 1484 1907 per
1515 1854 1762 1894 dimissoria
1804 1855 1868 1894 sui

197 1926 432 1974 diocesani,
455 1925 509 1965 ad
534 1926 910 1978 presentationem
934 1932 978 1965 et
1000 1925 1176 1965 titulum
1203 1925 1401 1977 magistri
1426 1924 1526 1963 Ade
1548 1924 1604 1963 de
1630 1924 1755 1963 Hale.

312 1995 538 2047 Johannes
570 1994 715 2034 dictus
752 1995 849 2042 Bos,
881 1995 1150 2046 Bayocensis
1188 1993 1386 2041 diocesis,
1414 2007 1489 2046 per
1523 1993 1770 2032 dimissoria
1805 1994 1869 2032 sui

197 2064 432 2113 diocesani,
455 2064 510 2103 ad
535 2064 712 2104 titulum
738 2064 906 2104 domini
929 2064 1148 2116 Johannis
1171 2063 1226 2103 de
1251 2062 1491 2102 Montibus,

312 2134 537 2185 Johannes
589 2133 644 2173 de
693 2133 859 2173 Sancto
914 2132 1138 2184 sepulcro,
1192 2131 1522 2172 Cantuariensis
1574 2129 1772 2178 diocesis,
1814 2130 1868 2170 ad

197 2202 374 2242 titulum
412 2208 455 2241 et
494 2202 866 2254 presentationem
912 2200 1080 2240 domini
1126 2200 1334 2248 Simonis,
1377 2200 1555 2239 rectoris
1592 2199 1774 2238 ecclesie
1815 2198 1870 2238 de

199 2270 533 2311 Godmersham.

313 2340 538 2393 Johannes
576 2340 776 2388 Talebot,
813 2339 1133 2391 Norwycensis,
1168 2351 1243 2391 per
1285 2338 1451 2377 litteras
1493 2337 1762 2377 dimissorias
1805 2338 1869 2376 sui

198 2409 435 2458 diocesani,
459 2409 513 2448 ad
538 2409 714 2449 titulum
738 2415 781 2448 et
806 2408 1181 2460 presentationem
1207 2407 1403 2459 magistri
1430 2406 1529 2445 Adc
1551 2405 1606 2445 de
1632 2405 1757 2446 Hale.

316 2478 531 2518 Ricardus
553 2477 609 2517 de
632 2477 919 2517 Wauberton.
1191 2474 1200 2522 l.

316 2547 539 2587 Walterus
561 2547 616 2587 de
642 2547 978 2599 Hamptonette.

318 2615 470 2655 Frater
491 2615 717 2668 Johannes
739 2614 794 2654 de
820 2615 960 2654 Ponte
985 2614 1210 2689 ROberti.>
1247 2618 1485 2670 presentati
1525 2632 1601 2670 per
1636 2617 1866 2658 officialem

320 2684 472 2723 Frater
493 2684 719 2736 Johannes
742 2683 796 2723 de
823 2683 985 2722 Lewes.
1197 2714 1200 2831 ι
1306 2687 1653 2739 Cycestrensem.

320 2752 472 2792 Frater
496 2752 711 2792 Ricardus
733 2752 788 2792 de
814 2751 1109 2791 Muchelham.

319 2820 544 2873 Johannes
569 2821 801 2874 VVolwyne
824 2820 879 2860 de
902 2820 1122 2872 Garynge.
1188 2840 1200 2870 [ι

614 2928 832 2969 DIACONI
858 2936 1066 2968 RECEPTI
1091 2935 1183 2966 PER
1206 2933 1462 2965 DOMINUM.

320 3012 571 3052 VVillelmus
593 3013 648 3053 de
674 3013 919 3061 Westbure,
944 3011 1282 3053 Sarisburiensis
1306 3009 1504 3057 diocesis,
1523 3022 1598 3060 per
1620 3009 1867 3049 dimissoria

205 3081 473 3134 precentoris
507 3081 677 3130 Sarum,
713 3081 908 3122 custodis
941 3079 1263 3135 spiritualitatis
1295 3078 1481 3118 diocesis
1520 3077 1867 3128 Sarisburiensis,

205 3150 300 3204 ipsa
322 3149 426 3190 sede
448 3156 643 3191 vacante.
