2023 3453
183 165 269 213 188
575 166 679 232 Reg
687 171 864 216 istrum
887 166 1144 234 sollemnis
1180 167 1391 217 Peclzam
1559 168 1676 235 [A.D.
1715 189 1725 218 1
1742 170 1832 218 282

288 326 452 380 [Letter
479 334 519 367 to
550 328 618 368 tlze
639 329 780 368 Abbot
808 330 861 380 of
872 329 1077 381 Readz'ng
1090 330 1175 380 for
1202 329 1270 370 the
1290 330 1447 370 Fm'ars
1467 331 1644 371 Mz‘nors
1671 332 1724 383 os
1744 331 1839 372 tlzat

170 401 295 435 town.
356 396 517 448 Regz‘sl.
540 397 677 449 Epist.
691 397 736 451 J.
759 397 988 447 Pecklmm,
1010 398 1054 448 z’z',
1075 398 1191 452 414]

274 508 334 540 Fo.
357 510 451 542 lo‘b.

170 507 417 612 [Cffiicernz'ng
432 509 491 602 tlie
506 569 707 603 absolutz'on
724 570 771 613 os
779 570 913 610 Adam,
932 571 1046 604 Prior
1058 572 1105 614 of
1113 572 1164 605 St.
1184 572 1382 610 Swz'tlzzffs,
1399 572 1478 605 and
1489 572 1635 616 others]

290 636 703 678 INSTRUMENTUM
749 639 1013 680 PUBLICUM
1056 649 1213 680 SUPER
1246 649 1596 681 ABSOLUTIONE
1630 650 1838 682 FRATRIS

172 704 283 744 ADE
310 706 509 747 PRIORIS
539 707 726 748 SANCTI
751 708 1000 749 SWITHINI
1024 708 1313 749 WYNTONIE
1337 719 1398 749 ET
1421 718 1649 750 ALIORUM
1674 719 1837 750 MONA-

171 782 383 815 CHORUM
440 776 760 816 MONASTERII
813 779 1164 827 EJUSDEM.-—In
1217 779 1395 819 nomine
1449 778 1629 818 Domini
1678 778 1836 819 Amen.

174 841 307 882 Anno
340 857 364 883 a
397 845 627 885 nativitate
658 844 856 897 ejusdem
891 849 1019 886 m⁰cc⁰
1050 848 1322 900 octogesimo
1361 847 1567 896 secundo,
1600 847 1839 888 indictione

172 925 215 959 x,
266 911 337 951 die
388 912 544 953 ultima
596 914 758 954 mensis
802 915 916 967 Julii.
983 916 1211 957 Universis
1263 930 1442 969 presens
1494 917 1837 957 instrumentum

170 979 394 1032 publicum
443 982 702 1034 inspecturis
750 990 899 1036 pateat
946 984 1172 1025 evidenter
1222 985 1340 1037 quod
1395 984 1656 1025 reverendus
1708 985 1840 1026 frater

169 1047 375 1089 dominus
405 1050 643 1102 Johannes,
668 1052 751 1092 Dei
781 1053 922 1106 gratia
952 1053 1281 1094 Cantuariensis
1313 1054 1679 1107 archiepiscopus,
1702 1055 1838 1095 totius

171 1118 334 1171 Anglie
369 1120 543 1172 primas,
575 1121 728 1161 fratres
762 1121 924 1171 Adam,
956 1123 1144 1175 priorem
1178 1123 1360 1164 ecclesie
1394 1123 1545 1164 Sancti
1580 1123 1772 1165 Suithini
1795 1124 1838 1164 in

171 1188 428 1241 Wyntonia,
450 1196 495 1229 et
524 1189 797 1230 Willelmum
831 1191 886 1231 de
918 1192 1224 1245 Basingstoke,
1248 1207 1484 1232 monacum
1514 1192 1713 1245 ejusdem
1744 1192 1839 1240 loci,

170 1270 279 1309 quos
311 1259 599 1298 commissarii
641 1259 838 1311 ejusdem
887 1260 1203 1315 archiepiscopi
1246 1262 1745 1302 excommunicaverunt
1782 1262 1839 1301 ob

169 1339 320 1365 eorum
363 1328 689 1367 contumaciam
734 1335 777 1368 et
821 1329 1047 1379 offensam,
1089 1336 1266 1383 recepto
1313 1330 1369 1370 ab
1412 1330 1577 1371 eisdem
1625 1330 1839 1383 corporali

166 1394 418 1446 juramento
448 1395 502 1436 de
535 1397 694 1436 stando
728 1397 949 1437 mandatis
983 1398 1177 1448 ecclesie,
1206 1399 1262 1438 ab
1294 1399 1450 1439 eadem
1480 1400 1838 1439 excommunica-

168 1463 301 1503 tionis
338 1465 557 1504 sententia
593 1465 782 1506 absolvit
819 1466 1042 1507 humiliter
1083 1468 1165 1507 hoc
1208 1474 1421 1521 petentes,
1453 1476 1497 1508 et
1530 1482 1629 1508 cum
1672 1467 1838 1508 eisdem

168 1546 298 1585 super
330 1533 648 1586 irregularitate
680 1548 813 1587 quam
841 1542 1156 1576 contraxerant
1185 1537 1245 1576 sic
1273 1537 1395 1590 ligati
1428 1551 1474 1578 se
1500 1537 1660 1577 divinis
1686 1537 1839 1577 officiis

168 1601 443 1642 inmiscendo
477 1602 760 1655 dispensavit,
793 1605 1055 1645 auctoritate
1087 1606 1225 1646 crucis
1258 1620 1390 1658 quarn
1424 1607 1485 1646 eis
1518 1606 1641 1646 dedit
1673 1606 1715 1646 in
1739 1606 1838 1646 sub-

168 1669 328 1710 sidium
364 1677 475 1711 terre
517 1678 677 1712 sancte.
744 1673 874 1713 Petiit
917 1674 1094 1726 insuper
1135 1674 1251 1715 idem
1295 1675 1412 1728 prior
1447 1675 1507 1714 sic
1541 1674 1781 1723 absolutus,
1815 1688 1840 1714 a

169 1739 288 1779 dicto
325 1740 506 1780 domino
549 1741 879 1795 archiepiscopo
922 1749 1189 1796 potestatem
1233 1744 1314 1783 sibi
1357 1744 1539 1784 concedi
1582 1743 1838 1784 absolvendi

169 1808 385 1861 quosdam
416 1809 524 1849 alios
557 1810 798 1850 monachos
825 1825 926 1851 suos
954 1818 1058 1852 tunc
1093 1812 1309 1861 absentes,
1333 1813 1406 1865 qui
1436 1812 1590 1852 eadem
1622 1813 1840 1852 sententia

169 1878 431 1918 nominatim
475 1878 648 1919 fuerant
700 1880 896 1930 involuti,
938 1881 1058 1933 quod
1110 1881 1397 1934 postmodum
1449 1882 1656 1921 dommus
1702 1880 1839 1920 archi-

168 1947 400 2000 episcopus
435 1948 652 1987 concessit
685 1948 842 1998 eidem,
875 1956 1005 2002 prout
1041 1956 1163 2002 patet
1199 1964 1256 1990 ex
1296 1950 1450 1990 litteris
1483 1949 1586 1989 inde
1617 1949 1838 1989 confectis.

170 2015 335 2055 Actum
379 2015 496 2068 apud
540 2016 816 2069 Wengeham
860 2018 902 2057 in
940 2032 1114 2059 camera
1155 2019 1260 2059 dicti
1302 2019 1470 2059 domini
1512 2018 1840 2071 archiepiscopi,

170 2085 457 2138 presentibus,
479 2085 716 2125 venerabili
740 2093 864 2139 patre
886 2086 1068 2127 domino
1090 2088 1306 2141 Johanne,
1326 2088 1409 2128 Dei
1433 2088 1580 2141 gracia
1606 2087 1838 2140 Wyntoni-

169 2154 261 2194 ensi
288 2154 508 2207 episcopo,
531 2155 742 2207 magistro
766 2155 970 2204 Ricardo,
993 2157 1302 2197 archidiacono
1333 2156 1653 2204 Cantuariensi‚
1674 2162 1718 2196 et
1744 2155 1839 2195 aliis

170 2222 365 2275 pluribus
388 2222 573 2262 testibus
596 2222 651 2262 ad
675 2223 796 2277 [hoc]
814 2225 1062 2277 specialiter
1083 2226 1346 2265 convocatis.

286 2291 345 2331 Et
377 2305 459 2344 ego
482 2292 708 2345 Johannes
738 2292 793 2334 de
827 2293 992 2335 Sancto
1028 2294 1221 2334 Martino
1257 2294 1489 2343 Lewensis,
1518 2292 1762 2346 apostolica
1794 2298 1838 2333 et

170 2361 383 2413 imperiali
427 2362 687 2402 auctoritate
730 2364 926 2403 notarius
969 2363 1180 2416 publicus,
1220 2363 1426 2417 predictis
1469 2362 1656 2410 interfui,
1697 2368 1741 2401 et
1783 2361 1838 2401 de

171 2429 382 2470 mandato
417 2430 523 2471 dicti
561 2430 729 2471 domini
772 2432 1088 2485 archiepiscopi
1131 2447 1182 2473 ea
1224 2433 1376 2485 scripsi
1412 2445 1598 2484 meoque
1635 2431 1761 2483 signo
1795 2436 1839 2470 et

169 2499 348 2539 nomine
369 2500 649 2540 communivi.

170 2612 354 2655 [Another
367 2611 559 2645 document
571 2612 735 2655 relatz'ng
750 2616 784 2646 to
800 2613 858 2646 the
873 2624 974 2647 same
991 2617 1146 2655 matter]

289 2680 703 2720 INSTRUMENTUM
729 2689 983 2721 PUBLICUM
1008 2691 1072 2721 DE
1090 2690 1453 2722 PROCURATORE
1474 2688 1836 2720 MONACHORUM

171 2748 358 2789 SANCTI
412 2749 652 2789 SUITHINI
702 2749 1099 2791 WYNTONIENSIS
1153 2758 1477 2792 PREsENTATo
1528 2757 1729 2789 DOMINO
1770 2757 1837 2787 AD

171 2826 446 2857 PETENDUM
484 2826 797 2858 BENEFICIUM
833 2828 1196 2860 ABSOLUTIONIS
1231 2829 1261 2858 A
1296 2818 1623 2859 DOMINO—In
1659 2817 1837 2857 nOmlnC

172 2886 352 2926 Domini
396 2886 554 2926 Amen.
624 2886 758 2926 Anno
801 2901 825 2926 a
868 2888 1098 2928 nativitate
1142 2888 1355 2940 Ejusdem
1399 2886 1523 2926 m⁰cc⁰
1565 2886 1837 2939 octogesimo

171 2954 376 3003 secundo,
400 2955 640 2994 indictione
662 2955 846 3004 decima,
869 2956 939 2996 die
962 2956 1134 2996 decima
1150 2957 1312 2996 mensis
1336 2955 1541 3008 Augusti,
1560 2956 1602 2995 in
1619 2954 1837 3007 presentia

172 3024 255 3063 mei
290 3024 446 3063 notarii
476 3030 519 3063 et
554 3025 731 3063 testium
771 3024 1129 3078 subscriptorum,
1167 3025 1298 3065 frater
1333 3024 1561 3077 Philippus
1595 3024 1650 3063 de
1680 3023 1835 3075 Anyn-

170 3093 301 3140 tonia,
344 3092 585 3132 monachus
627 3092 807 3132 ecclesie
851 3094 1002 3135 Sancti
1047 3094 1237 3135 Suithini
1277 3094 1531 3146 XVyntonie,
1569 3092 1836 3145 presentavit

170 3160 408 3200 reverendo
459 3160 501 3200 in
556 3160 730 3201 Christo
783 3163 895 3214 patri
937 3162 1119 3202 domino
1155 3162 1360 3215 Johanni,
1403 3162 1486 3202 Dei
1537 3161 1679 3214 gratia
1721 3160 1835 3201 Can-
