2023 3453
143 216 238 247 A.D.
270 218 283 247 1
300 218 321 247 2
331 203 357 247 8
365 200 414 263 3]
573 201 625 246 A
634 200 948 262 rclzz'epzkcopz'
984 200 1026 246 C
1024 200 1372 246 cantuariensis.
1726 215 1736 243 1
1751 202 1778 243 6
1792 214 1805 243 1

232 359 311 401 [ro.
330 359 427 400 61b.]

144 429 241 471 [The
259 428 363 462 Dean
381 429 427 471 os
440 428 603 471 ervdon
621 428 858 471 &forbidden
877 432 910 461 lo
926 429 1058 461 release
1073 427 1334 470 sequestratim
1352 426 1507 459 without
1521 426 1670 466 orders]

262 508 474 548 DECANo
519 517 582 546 DE
628 507 977 547 CRoYENnENE
1011 515 1148 554 ouon
1183 515 1288 546 NON
1325 514 1555 545 RELAXET
1589 514 1812 552 ALIQUOD

144 585 475 625 SEQUESTRUM
501 585 564 615 DE
590 584 810 616 SPECIALI
841 584 1086 615 MANDATO
1116 583 1301 614 DOMINI
1331 583 1530 614 FACTUM
1560 583 1654 613 VEL
1684 583 1811 612 MAN-

145 654 320 685 DATUM
355 654 416 683 ΑΒ
449 653 545 684 ORE
581 644 1112 694 EJUS.—Memorandum
1146 643 1265 695 quod
1299 643 1355 695 vij
1396 643 1450 683 id.
1488 643 1652 696 Aprilis
1695 642 1811 694 apud

144 713 434 766 Croyendene
488 714 682 766 precepit
724 713 931 752 dominus
984 713 1024 752 in
1069 726 1244 752 camera
1285 726 1374 761 sua,
1417 719 1516 765 post
1568 711 1813 765 prandium,

145 790 346 836 presente
373 782 554 821 consilio
584 795 662 821 suo
693 781 863 821 decano
893 781 947 821 de
981 781 1281 834 Croyendene,
1305 780 1423 833 quod
1447 781 1614 821 nullum
1639 794 1812 833 seques-

143 858 257 890 trum
281 850 336 890 de
359 850 570 890 mandato
594 864 672 889 suo
695 850 943 902 specialiter
965 850 1126 889 factum
1152 849 1206 889 ad
1230 849 1529 902 cujuscunque
1553 849 1811 889 mandatum

144 919 323 966 relaxet,
342 920 408 959 vel
433 933 511 971 pro
535 919 734 958 relaxato
758 919 919 958 habeat
941 933 1170 971 quousque
1201 933 1277 971 per
1299 919 1463 958 litteras
1482 919 1649 958 domini
1673 919 1738 958 vel
1758 918 1814 957 ab

143 1002 216 1028 ore
256 987 350 1040 ejus
392 987 510 1027 aliud
562 1002 693 1040 super
744 987 826 1027 hoc
869 988 1069 1027 habuerit
1113 988 1154 1026 in
1199 987 1431 1033 mandatis,
1473 995 1516 1027 et
1558 988 1591 1026 si
1635 986 1811 1039 aliquod

142 1056 360 1096 dictorum
404 1070 480 1109 per
517 1055 746 1095 officialem
793 1057 1155 1096 Cantuariensem
1195 1057 1260 1096 vel
1305 1056 1438 1096 alium
1483 1056 1669 1096 relaxari
1712 1070 1813 1095 con-

143 1126 299 1178 tigerit,
324 1125 488 1165 fructus
511 1131 554 1164 et
588 1132 825 1177 proventus
849 1126 1061 1177 sequestri
1094 1125 1348 1177 hujusmodi
1383 1126 1538 1165 iterum
1573 1131 1814 1178 sequestret

143 1193 250 1250 [sic]

144 1306 427 1349 [Ecquem-asion
444 1306 675 1350 ospensz'om]

261 1380 599 1429 SEQUESTRUM
646 1381 915 1420 PENSIONIS
966 1390 1026 1420 ET
1072 1391 1288 1422 PECUNIF,
1332 1391 1512 1421 DEBITE
1564 1390 1814 1421 MAGISTRO

146 1449 462 1489 EMMANUELI
517 1449 911 1490 ARCHHHAcoNo
974 1450 1311 1491 CREMONENSI
1366 1459 1416 1490 IN
1474 1450 1699 1490 ABBATIA
1751 1460 1814 1490 ni:

146 1518 700 1559 CERTEYSEYA.—Frater
720 1519 958 1571 Johannes
980 1526 1072 1568 etc.,
1091 1520 1293 1573 religioso
1308 1520 1399 1559 viro
1422 1519 1571 1559 abbati
1595 1519 1649 1559 de
1669 1519 1815 1560 Certe-

145 1601 249 1640 seya
281 1587 481 1636 salutem,
512 1589 712 1640 gratiam,
745 1594 788 1628 et
821 1588 1186 1629 benedictionem.
1252 1589 1513 1628 Pensionem
1547 1602 1738 1628 annuam
1773 1589 1814 1628 in

145 1669 231 1708 qua
249 1657 460 1708 magistro
481 1657 728 1706 Emanueli,
748 1657 1060 1697 archidiacono
1084 1657 1384 1705 Cremonensi,
1402 1658 1626 1705 tenemini,
1644 1671 1814 1697 necnon

144 1732 188 1765 et
207 1726 438 1779 pecuniam
459 1726 538 1765 sibi
564 1727 733 1766 ratione
756 1726 1008 1778 hujusmodi
1033 1727 1256 1779 pensionis
1275 1741 1299 1766 a
1323 1727 1445 1766 vobis
1468 1726 1663 1766 debitam
1688 1727 1815 1767 certis

144 1800 187 1833 et
229 1794 455 1847 legittimis
498 1796 639 1835 causis
682 1796 724 1835 in
761 1796 915 1835 vestris
953 1796 1156 1835 manibus
1188 1803 1527 1848 sequestramus,
1554 1795 1815 1836 mandantes

145 1863 267 1902 vobis
300 1863 538 1904 districtius
571 1865 778 1916 quatinus
812 1865 1067 1917 pensionem
1103 1871 1146 1904 et
1179 1865 1411 1917 pecuniam
1445 1864 1699 1917 hujusmodi
1735 1865 1816 1904 sub

145 1939 265 1972 arcto
307 1940 545 1985 sequestro,
582 1934 843 1974 auctoritate
886 1941 1046 1982 nostra,
1089 1934 1348 1973 custodiatis
1391 1935 1501 1973 sicut
1545 1933 1646 1973 inde
1689 1934 1815 1973 nobis

146 2001 369 2041 volueritis
413 2002 690 2054 respondere,
732 2002 872 2043 donec
915 2017 1045 2056 super
1078 2003 1159 2042 hoc
1201 2016 1225 2042 a
1259 2003 1384 2042 nobis
1417 2003 1535 2042 aliud
1574 2002 1814 2042 habueritis

146 2069 187 2108 in
237 2070 470 2110 mandatis.
555 2071 721 2110 Datum
771 2071 1008 2112 Cantuarie
1053 2071 1130 2123 xiij
1186 2071 1267 2110 kal.
1315 2071 1419 2110 Maii
1468 2085 1584 2110 anno
1635 2071 1814 2110 Domini

147 2138 471 2190 m⁰cc⁰lxxxiij⁰,
494 2139 784 2179 ordinationis
808 2147 956 2180 nostre
978 2141 1144 2193 quinto.

147 2267 430 2310 [sequestratim]
446 2269 493 2310 of
502 2268 561 2302 tlze
572 2269 690 2312 goocls
705 2270 751 2312 of
767 2270 778 2301 Ῑ
785 2270 904 2303 Valles
917 2270 961 2303 dc
981 2270 1139 2310 Cantica]

263 2347 415 2387 Frater
435 2347 673 2400 JohanneS,
696 2355 788 2398 eto,
815 2349 976 2389 dilecto
1010 2348 1098 2388 filio
1128 2348 1298 2388 decano
1328 2347 1383 2387 de
1418 2347 1590 2395 Elham,
1613 2347 1815 2396 salutem,

146 2415 346 2467 gratiam,
378 2422 422 2456 et
464 2416 830 2458 benedictionem.
910 2417 1026 2471 Quia
1068 2418 1369 2458 intelleximus
1411 2416 1529 2469 quod
1572 2416 1731 2456 domus
1772 2423 1815 2457 et

146 2483 316 2524 edificia
367 2486 548 2526 rectorie
589 2486 644 2526 de
687 2486 858 2539 Acryse
911 2501 987 2540 per
1029 2486 1250 2527 defectum
1304 2486 1487 2526 Walteri
1538 2485 1593 2525 de
1646 2485 1815 2532 Cantia,

147 2552 353 2602 defuncti,
395 2568 534 2607 nuper
576 2557 753 2596 rectoris
796 2557 978 2597 ecclesie
1025 2556 1276 2609 supradicte
1324 2556 1365 2594 in
1413 2561 1586 2595 tantum
1637 2555 1808 2595 fuerunt

148 2628 347 2674 tempore
375 2623 510 2675 ipsius
542 2623 686 2665 diruta
714 2632 757 2665 et
785 2626 998 2678 neglecta,
1020 2624 1138 2677 quod
1166 2625 1280 2664 circa
1307 2624 1627 2676 reparationem
1661 2637 1811 2663 eorum

149 2703 333 2742 magnos
384 2698 427 2731 et
478 2706 690 2744 perquam
733 2707 888 2745 graves
939 2700 1142 2746 sumptus
1184 2706 1406 2745 apponere
1458 2691 1722 2744 opportebit,
1764 2705 1813 2731 ac

148 2758 338 2810 quedam
365 2774 540 2801 summa
572 2763 766 2814 pecunie,
790 2770 832 2803 et
862 2763 947 2802 alia
979 2763 1094 2802 bona
1116 2762 1235 2802 dicto
1267 2761 1476 2801 defuncto
1499 2760 1648 2800 debita
1680 2774 1813 2812 penes

148 2834 201 2876 te,
224 2834 434 2881 tanquam
458 2829 696 2870 firmarium
725 2831 920 2884 predicte
942 2831 1124 2871 ecclesie
1140 2830 1328 2870 residere
1350 2829 1565 2877 dicuntur,
1582 2829 1811 2881 pecuniam

151 2902 194 2936 et
234 2898 383 2936 omnia
424 2897 540 2938 bona
580 2899 834 2951 hujusmodi
878 2913 1011 2953 penes
1052 2906 1095 2939 te
1145 2898 1379 2938 residentia
1416 2897 1470 2937 ad
1520 2896 1811 2949 reparandum

151 2963 347 3004 defectus
370 2966 589 3018 predictos
612 2967 654 3007 in
679 2981 834 3008 manus
861 2975 971 3017 tuas,
993 2975 1145 3008 tenore
1174 2966 1455 3020 presentium,
1477 2971 1813 3018 sequestramus,

153 3033 413 3074 mandantes
456 3035 532 3074 tibi
570 3035 819 3086 districtius,
863 3037 1069 3089 quatinus
1111 3036 1266 3076 eadem
1309 3034 1390 3074 sub
1431 3040 1550 3074 arcto
1587 3041 1813 3086 sequestro

152 3101 384 3151 custodias,
398 3116 715 3157 quouscunque
728 3106 836 3157 (sic)
850 3106 967 3145 aliud
984 3119 1009 3145 a
1027 3105 1152 3144 nobis
1172 3103 1273 3144 inde
1289 3103 1502 3155 receperis
1520 3102 1562 3141 in
1581 3101 1811 3143 mandatis.

155 3169 226 3208 Ad
249 3169 331 3209 hoc
353 3170 485 3210 etiam
509 3172 587 3211 tibi
611 3172 791 3213 firmiter
823 3173 1095 3227 injungendo
1129 3171 1392 3213 mandamus
1415 3171 1620 3223 quatinus
1650 3170 1814 3210 fructus

237 3250 578 3278 CANTERBURY.—I.
1704 3250 1731 3275 Μ
