2023 3453
170 203 267 234 A.D.
300 187 444 251 1286]

284 347 510 400 Johannes
557 346 700 387 dictus
751 347 898 399 Roget
944 345 1000 386 de

171 417 344 457 Sutton.

283 485 508 538 Johannes
523 484 579 524 de
596 484 757 525 Scalar’
775 484 830 523 de
848 483 999 523 onrd.

286 554 506 593 Robertus
529 553 699 593 Gilbert
713 551 769 592 de
788 552 945 592 Ferles.

284 622 481 662 Thomas
506 621 674 661 Adrian
705 621 760 660 de
788 620 944 660 Ferles.

286 690 434 731 Adam
458 690 513 730 de
536 690 722 730 Weston
746 689 802 729 (16
825 689 998 729 Sutton.

283 760 509 812 Johannes
532 759 676 799 dictus
701 759 922 798 Mercator
944 758 999 797 (16

168 829 333 882 Jakele.

284 898 508 950 Johannes
532 895 701 937 Giffard
725 896 780 935 de
805 895 964 935 Ferles.

287 966 506 1006 Walterus
543 965 709 1004 Fabian
748 964 803 1004 de
841 965 1000 1004 Horte-

170 1035 268 1076 feld.

286 1103 533 1143 Willelmus
575 1102 630 1142 de
675 1101 898 1155 Hospitali
945 1101 1000 1141 de

172 1173 333 1213 Lewes.

283 1241 509 1294 Johannes
531 1240 681 1292 Jukyn
700 1239 755 1279 de
772 1238 1000 1291 Suthwyk.

284 1311 509 1363 Johannes
566 1309 621 1349 de
664 1309 705 1348 la
761 1308 894 1361 Hyde
946 1308 1001 1348 de

171 1380 384 1421 Slatham.

288 1449 424 1501 Hugo
446 1448 501 1487 de
526 1447 720 1500 Flowyk.

288 1517 515 1570 Philippus
540 1517 700 1569 Digun.

287 1585 503 1626 Ricardus
572 1585 890 1626 Cumminister
949 1584 1004 1624 de

171 1656 321 1697 Veteri
348 1655 546 1696 Sorham.

284 1724 510 1777 Johannes
535 1724 733 1763 Lorimer
754 1723 809 1762 de
841 1723 1003 1762 Lewes.

288 1792 503 1833 Ricardus
566 1792 621 1832 de
687 1793 883 1844 Pagerye
946 1791 1001 1831 de

173 1862 451 1915 Herlington.

287 1931 529 1970 Nicholaus
589 1930 644 1970 (16
713 1930 890 1970 Barewe
950 1929 1005 1969 de

172 2000 418 2053 Chidingle.

285 2070 511 2122 Johannes
536 2069 757 2109 Portarius
780 2068 835 2109 de
859 2069 1003 2108 West-

171 2146 342 2179 mestre.

286 2208 511 2260 johannes
540 2206 595 2247 de
618 2207 769 2247 Veteri
802 2207 1000 2248 Sorham.

285 2277 511 2330 Johannes
533 2275 588 2316 de
613 2275 913 2329 Erdingeleth.

286 2345 514 2398 Johannes
565 2344 620 2385 de
663 2344 905 2398 Wylkepir’
948 2344 1003 2384 de

172 2414 430 2456 Chukefeld.

288 2484 442 2523 Petrus
465 2483 520 2523 de
543 2483 776 2524 Cornubia.

581 188 633 234 Α
642 187 956 250 rclzz'epz'scopz‘
1003 185 1394 234 cantuariensis.

1741 198 1833 242 243

1120 343 1367 384 Willelmus
1390 342 1445 382 de
1471 341 1671 382 Pecham.

1120 413 1346 466 Johannes
1369 411 1424 451 de
1447 410 1690 455 Westham.

1122 481 1342 522 Walterus
1384 480 1527 520 dictus
1584 479 1724 518 Faber
1780 477 1835 517 de

1062 551 1344 603 Launcynge.

1123 618 1384 658 Humfridus
1400 617 1454 657 de
1468 616 1619 657 Veteri
1635 615 1835 657 Sorham.

1123 688 1342 728 Henricus
1365 686 1420 727 (16
1445 685 1757 739 Brytlineston.

1121 756 1363 796 Nicholaus
1386 755 1442 795 de
1467 755 1684 794 Musceus.

1119 825 1368 865 Willelmus
1390 823 1445 864 (16
1470 823 1753 876 Wylingdon.

1118 894 1316 934 Thomas
1339 894 1394 933 de
1420 892 1704 945 Wylingdon.

1121 963 1318 1002 Thomas
1341 962 1396 1002 de
1421 962 1604 1002 Norton.

1122 1033 1274 1072 Frater
1297 1031 1547 1071 Willelmus
1562 1030 1616 1070 (16
1642 1030 1837 1070 Wathle-

1061 1108 1172 1141 ston.

1126 1168 1386 1208 Alexander
1407 1167 1462 1208 de
1488 1167 1620 1207 Bello.

1123 1238 1344 1277 Robertus
1366 1236 1422 1276 de
1446 1237 1668 1276 Alseston.

1120 1307 1319 1346 Thomas
1341 1306 1397 1346 de
1422 1306 1726 1358 Blechington.

1121 1376 1348 1428 johannes
1371 1375 1427 1415 de
1451 1374 1688 1427 Flechyng.

1123 1446 1350 1498 Johannes
1376 1446 1601 1497 Poteman.

1125 1514 1323 1554 Thomas
1346 1514 1400 1553 de
1420 1513 1645 1553 Littleton.

1122 1584 1350 1636 Johannes
1373 1582 1428 1622 de
1452 1582 1492 1622 la
1517 1583 1671 1635 Burye.

1125 1652 1371 1692 Willelmus
1394 1651 1449 1691 de
1475 1652 1729 1692 Radivelde.

1124 1722 1279 1763 Simon
1303 1721 1358 1761 de
1385 1721 1529 1761 Huna.

1123 1792 1275 1831 Frater
1312 1790 1560 1830 Willelmus
1597 1790 1839 1830 monachus

1068 1860 1299 1900 Lewensis.

1126 1928 1374 1969 Willelmus
1397 1929 1452 1968 de
1476 1928 1732 1969 Suthovere.

1126 1998 1345 2038 Henricus
1368 1997 1422 2037 de
1447 1997 1769 2036 Alvricheston.

1125 2067 1347 2107 Robertus
1370 2066 1424 2106 de
1450 2066 1606 2106 Ferles.

1125 2136 1322 2176 Thomas
1345 2135 1400 2175 de
1420 2135 1627 2188 Wytden.

1120 2205 1347 2259 Johannes
1370 2204 1425 2244 de
1448 2204 1652 2245 Colevile.

1120 2274 1346 2328 Johannes
1371 2273 1579 2315 Sekelfot.

1124 2343 1297 2383 Alanus
1321 2341 1525 2382 Treddel.

1122 2412 1371 2452 Willelmus
1394 2411 1448 2451 de
1473 2411 1694 2451 Bulsham.

1122 2482 1348 2534 Johannes
1374 2481 1636 2520 Northman.

843 2633 1168 2674 SUBDIACONI.

288 2740 510 2780 Walterus
537 2739 593 2780 de
620 2740 864 2792 Westgate‚
887 2740 942 2780 ad
978 2740 1155 2780 titulum
1191 2745 1235 2779 et

171 2809 544 2862 presentationem
570 2809 723 2861 prioris
745 2814 788 2848 et
812 2815 1056 2849 conventus
1081 2808 1234 2850 Sancti

173 2878 371 2931 Gregorii
395 2877 734 2918 Cantuariensis.

290 2945 535 2985 Willelmus
566 2946 621 2986 de
667 2947 891 2999 Herlinge,
927 2946 1236 2998 Norwycenffls

1204 2945 1211 2951 .
1274 2910 1342 2949 isti
1395 2915 1495 2948 sunt
1548 2910 1710 2962 recepti
1763 2923 1839 2962 per

1255 2978 1261 3035 s
1330 2978 1572 3018 dominum.

173 3089 216 3123 et
231 3083 608 3122 examinationem
618 3082 773 3123 decani
790 3082 1235 3135 Suthmallyngensis.

173 3014 371 3063 diocesis,
394 3028 470 3066 per
491 3014 762 3055 dimissorias
784 3022 828 3055 et
860 3015 1262 3200 presentationemj

292 3151 444 3192 Frater
468 3152 667 3204 Rogerus
690 3152 745 3193 de
770 3152 1049 3193 Michelham.
