2023 3453
190 175 210 207 lx>

221 179 245 222 (a)

255 177 277 208 {0

618 160 1176 228 Registrumjohannis
1202 162 1416 211 Pecham
1581 162 1698 228 [A.D.
1730 166 1851 212 1286

301 320 566 372 Stephanus,
603 327 744 360 rector
784 320 839 360 de
883 321 1162 373 Bigenevere,
1196 321 1498 374 Cycestrensis
1540 322 1738 372 diocesis,
1773 337 1851 376 per

183 388 440 428 dimissoria.

298 458 523 509 Johannes
557 457 611 497 de
648 458 878 507 Pulesdon,
912 466 1052 498 rector
1089 459 1271 498 ecclesie
1303 459 1358 499 de
1392 459 1704 509 Stradeshulle,
1739 460 1850 500 Nor-

184 527 396 578 wycensis
419 526 616 575 diocesis,
640 541 716 578 per
738 526 995 566 dimissoria.

298 594 523 647 Johannes
546 594 601 634 de
625 594 778 643 Bidak,
803 595 1116 635 Dunelmensis
1139 595 1338 645 diocesis,
1361 610 1436 649 per
1458 596 1716 637 dimissoria.

301 663 515 703 Ricardus
538 664 592 703 de
621 664 661 703 la
695 664 825 704 Hoke
857 664 898 703 in
930 665 1214 718 Chevenyng‚
1242 665 1297 705 ad
1331 666 1507 706 titulum
1544 667 1780 719 proprium,
1803 672 1851 706 ut

183 732 299 771 alias.

865 791 1172 831 PRESBITERI.

300 869 514 921 Magister
534 869 760 921 Johannes
783 869 838 909 de
861 870 1053 923 Vernay,
1077 877 1218 914 rector
1239 871 1422 912 ecclesie
1450 871 1506 911 de
1531 871 1850 921 Uttokeshath,

183 938 493 978 Coventrensis
515 943 559 977 et
584 937 902 977 Lichfeldensis
925 938 1123 988 diocesis,
1147 953 1223 992 per
1245 939 1413 979 litteras
1436 939 1717 980 dimissorias.

299 1006 492 1046 Mathias
519 1006 575 1046 de
603 1006 809 1059 Catesby,
835 1007 1157 1048 Lincolniensis
1189 1008 1388 1058 diocesis,
1411 1023 1486 1062 per
1512 1009 1771 1059 dimissoria,
1794 1010 1848 1049 ad

180 1076 356 1116 titulum
382 1076 578 1128 magistri
603 1076 832 1128 hospitalis
855 1077 1098 1129 Jerusalem
1123 1079 1166 1118 in
1191 1078 1366 1131 Anglia.

294 1145 519 1198 Johannes
541 1145 596 1185 de
620 1145 872 1198 Segehurst‚
897 1154 1038 1190 rector
1059 1148 1242 1189 ecclesie
1264 1148 1319 1188 de
1350 1148 1616 1202 Horsleygh.

297 1214 518 1254 Robertus
550 1213 605 1254 de
632 1214 866 1263 Waletote‚
902 1216 1222 1257 Lincolniensis
1252 1217 1450 1267 diocesis,
1483 1232 1560 1270 per
1591 1218 1851 1266 dimissoria,

179 1282 233 1321 ad
258 1282 434 1322 titulum
459 1282 631 1322 abbatis
654 1289 698 1322 et
720 1291 964 1324 conventus
987 1285 1042 1324 de
1069 1286 1346 1327 Messenden.

297 1352 511 1405 Magister
535 1351 761 1401 Ricardus,
785 1359 926 1393 rector
947 1355 1129 1395 ecclesie
1151 1355 1206 1395 de
1231 1355 1547 1409 Kyngesnode.

296 1422 470 1461 Fratres
495 1421 736 1461 Nicholaus
759 1429 803 1462 et
826 1423 1063 1473 Galfridus,
1087 1425 1290 1465 monachi
1315 1425 1370 1465 de
1396 1425 1642 1466 Folcstone.

295 1490 544 1531 Willelmus
585 1491 640 1531 de
683 1491 936 1544 Croyndon,
979 1493 1086 1533 alias
1121 1494 1349 1534 ordinatus
1393 1509 1469 1548 per
1510 1494 1755 1544 dominum,
1794 1494 1848 1535 ad

179 1559 356 1600 titulum
383 1560 662 1600 Bonruncini.

297 1630 460 1668 Rector
481 1629 664 1669 ecclesie
687 1629 742 1669 de
767 1630 934 1683 Magna
958 1631 1101 1672 Chert.

297 1699 448 1738 Frater
471 1698 720 1739 Willelmus
743 1700 798 1739 de
822 1699 958 1741 Clere.

296 1767 512 1807 Ricardus
534 1767 589 1807 de
615 1768 875 1821 Dunstaple.

296 1836 536 1876 Nicholaus
559 1836 614 1877 de
640 1837 930 1891 W'alingford,
952 1838 1007 1878 de
1030 1839 1183 1880 ordine
1207 1841 1438 1880 minorum.

293 1904 518 1956 Johannes
541 1906 595 1946 de
620 1907 771 1960 Brege,
795 1908 850 1948 ad
874 1909 1051 1948 titulum
1076 1910 1341 1962 patrimonii.

296 1974 448 2014 Frater
469 1974 504 2026 J‘
529 1974 584 2015 de
608 1975 799 2016 OXOUla'
941 1986 957 2041 l
983 2006 1038 2047 de
1061 2008 1214 2048 ordine
1238 2008 1469 2048 minorum.

297 2043 450 2083 Frater
470 2044 506 2096 J.
531 2044 586 2084 de
609 2042 965 2100 Trumpenton.s

180 2159 228 2202 [C
227 2153 354 2192 itcmbn
372 2161 417 2202 os
426 2160 485 2193 tlze
500 2160 630 2195 Reclor
642 2162 688 2204 of
701 2162 909 2206 Olssz'ngton
929 2167 963 2197 lo
972 2167 1124 2206 present
1137 2169 1171 2198 to
1188 2165 1246 2198 the
1261 2165 1390 2207 clmfiel
1402 2166 1448 2207 of
1458 2165 1580 2206 Hem]

295 2238 732 2281 CITATIO.—Frater
786 2243 1025 2295 Johannes,
1073 2251 1164 2294 etc,
1218 2245 1380 2285 dilecto
1434 2244 1522 2284 filio
1574 2244 1743 2284 decano
1793 2244 1849 2284 de

181 2307 424 2348 Schorham
449 2309 650 2358 salutem,
673 2311 875 2363 gratiam,
898 2319 941 2352 et
964 2313 1329 2354 benedictionem.
1372 2311 1689 2354 'visitantibus
1724 2313 1850 2353 nobis

181 2389 321 2428 nuper
342 2375 607 2417 decanatum
637 2379 692 2419 de
720 2380 964 2422 Schorham
995 2383 1254 2436 predictum,
1288 2384 1534 2423 invenimus
1565 2397 1640 2436 per
1670 2383 1848 2435 inquisi-

181 2445 345 2485 tionem
381 2446 437 2485 ibi
472 2447 646 2497 factam,
678 2449 797 2501 quod
842 2451 883 2490 in
918 2452 1086 2505 capella
1118 2453 1173 2493 de
1209 2453 1341 2501 Hese,
1375 2452 1429 2492 ad
1474 2453 1847 2505 presentationem

182 2515 360 2554 rectoris
403 2516 584 2556 ecclesie
636 2517 690 2558 de
744 2518 980 2572 Orpynton
1035 2528 1275 2574 spectante,
1318 2528 1365 2562 ut
1420 2521 1590 2571 dicitur,
1633 2535 1658 2561 a
1700 2521 1849 2562 multis

182 2585 433 2624 rectroactis
475 2587 749 2639 temporibus
791 2589 994 2630 solebant
1045 2605 1141 2631 esse
1193 2597 1381 2631 rectores
1433 2590 1849 2631 ibidem‘continue

183 2653 435 2702 residentes,
477 2668 562 2707 que
601 2655 692 2708 jam
737 2670 812 2709 per
854 2657 1086 2699 dimidium
1131 2674 1294 2711 annum
1350 2659 1484 2699 fertur
1525 2674 1620 2700 esse
1662 2660 1849 2713 pastoris

182 2722 338 2762 solatio
361 2723 585 2773 destituta,
609 2732 788 2778 propter
809 2728 926 2778 quod
951 2729 1196 2769 animarum
1221 2743 1324 2769 cura
1347 2728 1588 2782 periculose
1611 2729 1849 2782 negligitur

181 2791 223 2830 in
253 2792 435 2841 eade1n;
463 2794 667 2845 quocirca
697 2795 773 2834 tibi
806 2796 1082 2847 mandamus,
1110 2797 1292 2838 firmiter
1325 2797 1617 2850 injungentes
1639 2798 1847 2850 quatinus

180 2860 347 2900 dictum
372 2868 584 2902 rectorem
610 2877 803 2914 moneas
827 2865 892 2905 vel
917 2867 950 2905 si
974 2866 1068 2919 ejus
1093 2868 1358 2920 presentiam
1383 2867 1543 2907 habere
1576 2881 1663 2907 non
1695 2868 1848 2921 possis,

182 2930 470 2971 monitionem
495 2932 624 2971 istam
649 2933 690 2972 in
715 2933 850 2974 domo
873 2949 951 2975 sua
973 2943 1015 2976 et
1043 2937 1085 2976 in
1108 2936 1292 2976 ecclesia
1322 2936 1496 2988 publice
1523 2950 1756 2989 proponas,
1779 2937 1845 2977 vel

182 3000 365 3051 proponi
410 3000 553 3048 facias,
592 3008 638 3041 ut
676 3002 785 3042 infra
823 3018 1019 3045 mensem
1056 3019 1080 3044 a
1114 3012 1313 3058 tempore
1357 3005 1611 3045 monitionis
1648 3012 1722 3046 tue
1764 3005 1844 3045 sibi

181 3067 325 3107 taliter
357 3069 482 3118 facte,
506 3084 739 3122 personam
774 3071 978 3113 idoneam
1008 3074 1133 3114 nobis
1167 3081 1389 3127 presentet
1412 3075 1467 3114 ad
1501 3075 1716 3128 capellam
1751 3089 1845 3128 pre-

181 3135 357 3185 dictam,
380 3137 652 3184 denuncians
685 3140 827 3180 eidem
864 3142 904 3181 in
941 3143 1079 3183 forma
1112 3143 1309 3196 predicta
1339 3143 1457 3197 quod
1492 3144 1572 3183 nisi
1606 3144 1766 3193 fecerit,
1788 3158 1844 3184 ex
