2023 3453
164 162 257 218 246
596 159 886 223 Rengstrum
900 158 1157 224 johannis
1182 159 1397 208 Peclmm
1548 159 1667 224 [A.D.
1705 179 1719 208 1
1736 162 1825 222 287

250 316 438 357 [Fo‚129.]

162 370 398 413 [Ordination
422 374 462 402 al
484 371 651 413 Emerge]

165 437 395 478 ORDINEs
436 447 713 478 CELEBRATI
758 448 809 478 IN
858 439 1100 480 ECCLESIA
1142 441 1487 481 PARRocfflALI
1526 450 1590 480 DE
1630 441 1832 480 BREGGE

280 506 691 547 CANTUARIENSIS
734 516 955 548 DIOCESIS
999 517 1083 547 DIE
1118 509 1372 550 SABBATHI
1405 518 1646 558 QUATUOR
1680 519 1832 549 TEMP-

279 584 422 615 oRUM
472 584 693 615 SCILICET
743 585 795 615 IN
840 576 1042 616 VIGILIA
1093 577 1293 618 SANCTE
1345 577 1643 619 TRINITATIS
1691 588 1835 619 ANNo

283 644 479 684 DoMIN1
524 646 656 684 M⁰CC⁰
699 644 1027 686 OCTOGESIMO
1069 655 1294 687 SEPTIMO.

889 752 1112 793 Acom'rI.

282 830 503 870 Robertus
526 830 582 870 de
606 831 812 872 Stistede.
1119 833 1344 874 Galfridus
1438 834 1493 874 (16
1586 834 1837 883 Cherleton,

283 900 483 951 Rogerus
506 899 560 939 de
583 899 849 953 Cherrynge.
1003 902 1337 943 Sarisberiensis
1360 903 1557 951 diocesis,
1572 917 1649 955 per
1670 902 1836 943 litteras

282 968 438 1009 Simon
462 968 517 1008 de
542 968 763 1021 Rytlinge.
1005 970 1286 1012 dimissorias.

282 1036 503 1077 Robertus
525 1036 581 1077 de
606 1037 817 1078 Lenham.
1119 1040 1368 1080 Willelmus
1428 1040 1484 1081 de
1545 1040 1732 1081 Camera
1793 1041 1835 1080 in

282 1105 621 1146 Bartholomeus
644 1105 700 1146 (16
723 1107 919 1147 Worthe.
1004 1108 1283 1161 Lymminge.

282 1176 452 1227 Symon
476 1174 532 1215 de
556 1175 793 1215 waltham.
1116 1177 1343 1229 Johannes
1361 1177 1416 1218 de
1435 1178 1581 1231 Wyke
1605 1179 1646 1218 in
1667 1178 1835 1219 Cantia.

283 1244 483 1296 Rogerus
546 1244 712 1297 Silwyn
764 1244 819 1284 de
884 1245 999 1284 Lon·
1122 1247 1272 1286 Hamo
1297 1247 1416 1299 Byle.

165 1312 319 1352 doniis.
1119 1315 1344 1368 Johannes
1368 1315 1579 1369 Wythod.

279 1381 505 1434 Johannes
528 1382 583 1422 (16
607 1382 862 1436 Peddynge.

839 1503 1164 1544 SUBDIACONI.

280 1587 518 1640 Johannes,
536 1587 718 1627 clericus
740 1587 795 1628 de
815 1588 1000 1641 Olneye,
1021 1589 1343 1629 Lincolniensis
1366 1589 1554 1630 diocesis
1573 1604 1649 1643 per
1672 1590 1838 1630 litteras

164 1657 447 1702 dimissorias.

281 1727 504 1767 Walterus
527 1726 582 1766 de
610 1727 776 1768 Sancto
802 1727 975 1780 Egidio,
1002 1728 1328 1769 Londoniensis
1350 1728 1549 1778 diocesis,
1574 1743 1650 1782 per
1671 1728 1839 1769 litteras

164 1796 447 1845 dimissorias,
490 1797 544 1836 ad
598 1796 775 1836 titulum
829 1798 1054 1850 proprium
1098 1797 1154 1838 de
1206 1812 1294 1851 quo
1335 1812 1381 1838 se
1423 1798 1535 1839 bene
1577 1805 1837 1838 contentum

166 1865 395 1919 reputavit.

281 1934 531 1975 Willelmus
564 1934 707 1974 dictus
741 1935 860 1988 Grey
893 1935 947 1975 de
981 1935 1247 1988 Wengham,
1279 1936 1334 1994 ad
1370 1936 1548 1976 titulum
1586 1936 1838 1989 patrimonii

165 2005 242 2053 sui,
265 2004 319 2044 ad
345 2004 720 2057 presentationem
744 2003 912 2044 domini
938 2006 981 2044 P.
1006 2006 1215 2057 prepositi
1240 2004 1450 2057 ejusdem.

280 2073 473 2125 Jacobus
500 2072 555 2113 de
589 2073 674 2122 Ho,
705 2072 926 2113 Roffensis
953 2073 1152 2123 diocesis,
1181 2088 1258 2127 per
1284 2074 1546 2123 dimissoria,
1575 2073 1630 2114 ad
1662 2073 1838 2114 titulum

167 2143 405 2195 proprium,
428 2141 483 2181 de
506 2155 593 2194 quo
617 2155 663 2181 se
685 2141 797 2182 bene
820 2149 1079 2182 contentum
1105 2144 1334 2195 reputavit.

283 2211 505 2251 VValterus
538 2210 593 2250 de
629 2210 894 2261 Winchelse,
923 2211 1225 2264 Cycestrensis
1258 2212 1458 2262 diocesis,
1486 2226 1562 2265 per
1593 2211 1841 2251 dimissoria

165 2288 209 2321 et
232 2280 286 2320 ad
312 2280 687 2333 presentationem
712 2280 892 2320 domine
916 2281 1046 2322 Sarre
1068 2280 1123 2320 de
1148 2281 1314 2322 Sancto
1339 2281 1595 2334 Sepulchro.

285 2349 440 2388 Petrus
463 2347 518 2388 de
551 2348 912 2401 Bissopesburne,
934 2349 989 2389 ad
1017 2350 1195 2390 titulum
1220 2350 1474 2403 patrimonii
1498 2350 1563 2389 sui
1592 2363 1641 2389 ac
1665 2361 1840 2402 presen-

167 2419 380 2458 tationem
404 2423 448 2457 et
470 2417 853 2458 examinationem
878 2418 1174 2458 archidiaconi
1199 2419 1539 2460 Cantuariensis.

286 2487 485 2526 Thomas
535 2486 590 2526 de
632 2486 762 2538 Ylley
809 2487 1146 2537 Monachorum,
1188 2488 1243 2528 ad
1290 2488 1467 2528 titulum
1515 2486 1739 2540 proprium
1787 2485 1842 2525 de

170 2555 383 2596 mandato
415 2554 594 2594 domini.

895 2630 1126 2671 DIACONI.

286 2724 513 2777 Johannes
535 2723 590 2764 de
613 2724 654 2764 la
681 2724 827 2774 Hulle,
853 2725 1175 2766 Lincolniensis
1197 2725 1397 2774 diocesis,
1421 2740 1496 2778 per
1518 2725 1777 2765 dimissoria.

289 2793 459 2833 Alanus
496 2792 551 2832 de
590 2793 755 2845 Staple,
792 2793 847 2833 ad
886 2793 1063 2833 titulum
1102 2800 1146 2834 et
1188 2795 1562 2847 presentationem
1607 2793 1761 2846 prioris
1799 2798 1843 2832 et

170 2868 414 2903 conventus
438 2861 590 2902 Sancti
616 2861 815 2914 Gregorii
841 2869 887 2902 ut
909 2862 1026 2902 alias.

292 2930 531 2983 Philippus,
555 2936 696 2970 rector
726 2931 977 2972 medietatis
1004 2931 1186 2972 ecclesie
1208 2931 1263 2973 de
1286 2931 1480 2981 Tollard‚
1505 2929 1842 2974 Sarisburiensis

172 2999 371 3047 diocesis,
395 3012 471 3051 per
494 2998 661 3038 litteras
684 2999 955 3040 dimissorias
978 3000 1105 3040 electi
1131 3001 1301 3042 Sarum.

289 3068 514 3120 Johannes
537 3067 592 3107 dc
626 3068 792 3109 Sancto
825 3068 1082 3121 Sepulchro,
1105 3069 1159 3109 ad
1193 3069 1370 3110 titulum
1399 3076 1446 3109 ut
1478 3069 1598 3118 alias,
1621 3081 1697 3121 per
1718 3066 1822 3107 dom

174 3137 293 3175 inum
319 3136 559 3176 ordinatus.
