2023 3453
144 190 186 220 A.
196 190 240 220 D.
280 191 294 220 1
311 191 332 220 2
342 177 368 220 8
379 174 429 237 3]
566 175 618 220 Α
627 174 945 237 rclzl'epz’scopz'
980 174 1372 221 Canluarz'eusis.
1722 191 1736 220 1
1749 179 1776 221 6
1784 192 1808 235 3

144 333 267 372 tretis
290 332 356 372 vel
387 332 647 384 sequestrari
671 339 714 372 et
747 332 828 372 sub
850 340 970 373 arcto
993 339 1219 385 sequestro
1242 332 1450 372 custodiri
1480 332 1660 380 faciatis,
1684 333 1810 372 sicuti

144 401 198 441 de
220 401 413 440 exitibus
446 401 573 440 nobis
596 401 819 441 volueritis
852 401 1126 454 respondere.
1192 402 1249 441 Et
1282 402 1385 454 quia
1417 415 1494 454 pro
1517 408 1635 441 certo
1658 401 1810 441 didici-

142 484 238 509 mus
289 470 407 522 quod
461 470 670 521 magister
724 471 876 510 Petrus
932 470 986 510 de
1040 470 1276 519 Satiniaco,
1329 476 1469 510 rector
1519 470 1701 510 ecclesie
1753 469 1808 510 de

145 538 489 587 Heriestesham,
522 552 597 591 per
631 552 717 577 non
755 538 951 578 modicos
985 553 1135 588 annos,
1170 553 1219 579 ac
1255 539 1464 591 magister
1502 538 1721 578 Robertus
1755 538 1811 578 de

143 607 340 656 Colerne,
363 614 504 647 rector
534 607 716 647 ecclesie
739 607 793 647 de
827 608 983 656 Burne,
1003 608 1094 659 jam
1129 622 1205 661 per
1229 608 1368 648 multa
1399 615 1611 659 tempora,
1634 621 1658 647 a
1681 607 1809 646 dictis

141 675 363 716 beneficiis
386 677 473 715 suis
505 690 550 715 se
582 676 908 725 subtraxerunt,
931 690 1009 716 nec
1043 676 1323 716 residentiam
1357 690 1406 716 ac
1438 677 1585 728 aliqua
1616 677 1810 716 caritatis

141 759 275 797 opera
304 745 467 784 ibidem
500 745 642 784 facere
670 752 942 789 curaverunt,
965 759 1044 784 nos
1077 746 1158 785 hoc
1182 745 1362 785 ulterius
1395 744 1610 785 inoffensa
1640 745 1810 797 justitia

140 814 353 853 sustinere
395 827 481 852 non
517 813 723 859 valentes,
759 814 885 853 sicuti
921 827 1008 853 non
1047 828 1280 866 possumus
1315 828 1394 854 nec
1428 814 1653 861 debemus,
1686 814 1809 854 vobis

141 882 403 922 mandamus
426 883 633 934 quatinus
655 882 834 922 eosdem
855 883 1089 935 magistros
1111 884 1286 922 Petrum
1305 890 1348 922 et
1366 883 1609 922 Robertum
1632 896 1808 923 monea-

140 950 206 998 tis,
228 957 272 990 et
293 950 527 990 efficaciter
550 950 780 999 inducatis,
796 958 843 990 ut
867 951 978 990 infra
1000 965 1080 991 sex
1100 965 1273 991 menses
1289 965 1313 990 a
1336 958 1535 1004 tempore
1552 952 1806 991 monitionis

140 1027 287 1059 nostre
304 1033 437 1071 quam
461 1020 522 1059 eis
546 1019 635 1059 fieri
660 1020 926 1072 precipimus
950 1020 1143 1068 indilate,
1167 1020 1221 1059 ad
1246 1034 1324 1059 sua
1351 1020 1563 1060 beneficia
1586 1019 1808 1060 antedicta

140 1087 332 1136 redeant,
354 1095 397 1128 et
431 1087 592 1127 ibidem
617 1088 871 1127 continuam
906 1088 1068 1128 faciant
1102 1088 1384 1128 residentiam
1418 1089 1705 1141 personalem,
1728 1089 1809 1128 sub

139 1171 251 1210 pena
265 1157 513 1196 amissionis
537 1156 848 1196 beneficiorum
867 1171 1045 1196 suorum
1071 1156 1378 1209 predictorum.
1443 1157 1643 1210 Qualiter
1659 1165 1806 1198 autem

139 1224 390 1277 hujusmodi
427 1224 686 1264 mandatum
723 1231 920 1264 nostrum
956 1225 1123 1265 fueritis
1164 1227 1352 1275 executi,
1387 1226 1513 1265 nobis
1551 1227 1605 1266 ad
1640 1226 1806 1265 dictum

137 1295 252 1334 diem
281 1293 467 1334 fideliter
499 1294 701 1334 intimare
731 1295 889 1334 curetis
922 1308 998 1346 per
1020 1301 1185 1335 vestras
1219 1302 1420 1348 patentes
1454 1296 1619 1335 litteras
1652 1295 1804 1334 harum

137 1364 290 1403 seriem
315 1364 600 1403 continentes
666 1363 832 1403 Datum
857 1363 974 1416 apud
1000 1364 1215 1416 Slyndon,
1239 1364 1280 1415 iij
1307 1364 1388 1404 kal.
1412 1364 1619 1417 Januarii.

222 1452 299 1492 [Ρο.
317 1451 384 1495 62]

137 1512 335 1555 [ilsom'll'on
352 1515 386 1544 lo
401 1514 530 1545 rectors
547 1511 592 1554 os
602 1511 773 1544 Alloullon
790 1511 868 1544 and
882 1511 1100 1555 Hadlezglz]

254 1575 482 1629 MONITIO
511 1582 669 1614 FACTA
698 1583 1006 1615 RECTORIBUS
1036 1583 1382 1615 ECCLESIARUM
1407 1584 1471 1614 DE
1498 1576 1714 1615 MULTON
1745 1584 1805 1615 ET

140 1643 579 1683 HADLYE.—Frater
619 1643 857 1695 Johannes,
891 1650 984 1692 etc.,
1021 1643 1189 1683 decano
1232 1644 1287 1684 de
1330 1644 1568 1696 Bockinge,
1606 1645 1803 1684 salutem.

137 1713 253 1766 Quia
275 1727 353 1765 pro
376 1719 495 1752 certo
519 1713 721 1752 novimus
744 1719 958 1752 rectorem
981 1713 1164 1752 ecclesie
1186 1712 1242 1753 de
1271 1713 1445 1753 Multon
1476 1727 1521 1753 se
1555 1728 1630 1766 per
1660 1714 1804 1766 plures

136 1795 274 1821 annos
296 1795 322 1820 a
354 1781 522 1833 prefata
548 1795 627 1820 sua
652 1780 835 1820 ecclesia
864 1781 1149 1827 subtraxisse,
1173 1796 1251 1821 nec
1279 1782 1426 1834 aliqua
1456 1782 1618 1821 ibidem
1652 1782 1805 1822 fecisse

135 1864 268 1904 opera
289 1850 494 1898 caritatiS,
517 1863 566 1889 ac
589 1850 723 1890 etiam
752 1849 942 1889 eundem
972 1851 1240 1902 quamtoties
1273 1851 1405 1891 fuisse
1429 1858 1631 1891 vocatum
1656 1865 1802 1891 coram

134 1919 272 1968 nobis,
294 1918 468 1958 ordines
501 1932 611 1970 quos
643 1918 778 1971 ipsius
810 1919 991 1958 ecclesie
1024 1933 1126 1958 cura
1158 1920 1336 1972 requirit
1368 1927 1663 1972 sucepturum,
1686 1920 1801 1960 idem

134 1996 281 2029 tamen
307 1994 446 2028 rector
468 1988 786 2027 contumaciter
808 2002 853 2028 se
875 1988 1113 2028 absentans
1137 1989 1318 2029 minime
1335 2003 1588 2042 comparere
1611 1991 1777 2030 curavit
1797 2005 1803 2039 ;

134 2064 267 2109 atque
302 2063 514 2096 rectorem
550 2055 605 2095 de
650 2055 855 2108 Hadleye
896 2056 952 2095 ab
993 2057 1088 2109 ipsa
1129 2057 1312 2097 ecclesia
1354 2072 1431 2097 sua
1473 2072 1519 2098 se
1561 2072 1637 2110 per
1679 2058 1802 2110 plura

134 2133 334 2178 tempora
356 2125 453 2177 plus
476 2124 627 2165 debito
650 2125 916 2174 absentasse,
939 2125 1039 2165 licet
1063 2125 1117 2165 ad
1153 2126 1434 2166 residentiam
1459 2127 1732 2179 personalem
1758 2135 1801 2167 et

133 2195 388 2235 continuam
419 2193 582 2233 ibidem
614 2193 859 2233 faciendam
889 2194 931 2233 in
958 2194 1226 2234 admissione
1259 2195 1393 2247 ipsius
1426 2195 1624 2235 beneficii
1648 2197 1800 2248 presti-

133 2265 257 2304 tisset
279 2276 425 2303 coram
449 2262 575 2302 nobis
598 2263 653 2302 ad
684 2269 836 2302 sancta
860 2263 943 2302 Dei
973 2263 1201 2316 evangelia
1227 2263 1538 2315 juramentum.
1602 2265 1696 2304 Nos
1719 2265 1800 2305 hoc

133 2332 312 2372 ulterius
349 2332 562 2372 sustinere
597 2332 797 2372 nolentes
834 2333 960 2372 sicuti
997 2346 1083 2372 non
1120 2347 1354 2385 possumus
1387 2332 1601 2372 inoffensa
1629 2333 1799 2385 justitia

134 2415 213 2441 nec
245 2401 469 2449 debemus,
499 2401 578 2440 tibi
610 2401 929 2441 committimus
962 2409 1005 2441 et
1041 2402 1305 2442 mandamus
1339 2403 1546 2454 quatinus
1579 2402 1796 2455 prefatum

133 2477 345 2510 rectorem
369 2470 549 2510 ecclesie
572 2470 626 2510 de
652 2471 854 2511 Multone
876 2472 994 2520 cites,
1016 2472 1082 2511 vel
1111 2473 1233 2512 citari
1258 2472 1401 2520 facias,
1425 2473 1727 2524 peremptorie,
1750 2479 1798 2512 ut

132 2540 175 2579 in
209 2539 424 2592 proximis
461 2539 687 2579 ordinibus
725 2540 883 2580 nostris
926 2540 1006 2579 hac
1045 2541 1225 2581 instanti
1263 2541 1613 2593 quadragesima,
1646 2554 1796 2580 mense

135 2609 295 2657 Martii,
336 2608 609 2648 celebrandis
651 2616 904 2662 compareat
938 2624 1083 2649 coram
1122 2610 1259 2658 nobis,
1294 2610 1469 2650 ordines
1511 2624 1619 2662 quas
1661 2609 1795 2662 ipsius

131 2678 312 2717 ecclesie
337 2691 440 2716 cura
469 2678 647 2730 requirit
676 2685 967 2731 suscepturus.
1033 2679 1252 2719 Moneatis
1287 2680 1463 2732 insuper
1491 2686 1534 2719 et
1564 2678 1797 2718 efficaciter

133 2746 349 2786 inducatis
402 2752 589 2786 rectores
641 2747 929 2800 supradictos,
970 2755 1017 2788 ut
1070 2748 1180 2787 infra
1232 2762 1312 2788 sex
1366 2762 1537 2788 menses
1589 2747 1794 2800 proximo

131 2813 427 2854 numerandos
449 2814 504 2854 ad
528 2814 725 2867 predicta
747 2816 958 2856 beneficia
976 2830 1054 2856 sua
1077 2817 1269 2865 redeant,
1287 2823 1330 2856 et
1353 2817 1395 2855 in
1413 2815 1579 2856 eisdem
1598 2815 1792 2855 debitam

132 2882 294 2922 faciant
335 2884 588 2923 continuam
633 2885 915 2924 residentiam
959 2885 1234 2938 personalem
1269 2885 1349 2924 sub
1386 2898 1499 2937 pena
1538 2885 1792 2937 privationis

131 2951 411 2991 ecclesiarum
474 2966 650 2992 suarum
703 2953 1008 3005 predictarum.
1091 2953 1291 3006 Qualiter
1342 2961 1489 2993 autem
1541 2952 1792 3004 hujusmodi

134 3018 391 3059 mandatum
435 3027 632 3060 nostrum
680 3021 810 3061 fueris
849 3029 1062 3062 executus
1104 3022 1230 3061 nobis
1282 3022 1544 3074 quamcitius
1587 3022 1790 3061 intimare

132 3101 335 3140 procures
376 3102 452 3141 per
502 3095 599 3129 tuas
642 3096 843 3142 patentes
895 3091 1060 3130 litteras
1112 3091 1265 3130 harum
1308 3091 1461 3130 seriem
1505 3090 1790 3130 continentes.

136 3156 301 3197 Datum
327 3156 444 3211 apud
469 3157 669 3212 Slyndon
693 3158 735 3213 iij
761 3158 843 3198 kal.
866 3159 1071 3214 Januarii.

1646 3238 1703 3262 ΜΖ
