<?xml version="1.0" encoding="UTF-8"?>
<!DOCTYPE html PUBLIC "-//W3C//DTD XHTML 1.0 Transitional//EN"
    "http://www.w3.org/TR/xhtml1/DTD/xhtml1-transitional.dtd">
<html xmlns="http://www.w3.org/1999/xhtml" xml:lang="en" lang="en">
 <head>
  <title>
</title>
<meta http-equiv="Content-Type" content="text/html;charset=utf-8" />
  <meta name='ocr-system' content='tesseract 3.04.00' />
  <meta name='ocr-capabilities' content='ocr_page ocr_carea ocr_par ocr_line ocrx_word'/>
</head>
<body>
  <div class='ocr_page' id='page_1' title='image "./dioecesiscantuar643cath_0071.png"; bbox 0 0 2023 3453; ppageno 0'>
   <div class='ocr_carea' id='block_1_1' title="bbox 172 166 1834 230">
    <p class='ocr_par' dir='ltr' id='par_1_1' title="bbox 172 166 1834 230">
     <span class='ocr_line' id='line_1_1' title="bbox 172 166 1834 230; baseline 0 -18"><span class='ocrx_word' id='word_1_1' title='bbox 172 184 215 213; x_wconf 89' lang='lat' dir='ltr'>A.</span> <span class='ocrx_word' id='word_1_2' title='bbox 224 183 269 213; x_wconf 90' lang='lat' dir='ltr'>D.</span> <span class='ocrx_word' id='word_1_3' title='bbox 302 184 315 212; x_wconf 91' lang='lat'>1</span> <span class='ocrx_word' id='word_1_4' title='bbox 331 183 353 212; x_wconf 86' lang='lat'>2</span> <span class='ocrx_word' id='word_1_5' title='bbox 362 169 388 213; x_wconf 82' lang='lat'>8</span> <span class='ocrx_word' id='word_1_6' title='bbox 399 167 445 230; x_wconf 83' lang='lat'>2]</span> <span class='ocrx_word' id='word_1_7' title='bbox 616 168 667 213; x_wconf 77' lang='grc' dir='ltr'><em>Α</em></span> <span class='ocrx_word' id='word_1_8' title='bbox 677 167 991 230; x_wconf 69' lang='lat' dir='ltr'>rclzz&#39;epz&#39;scopz&#39;</span> <span class='ocrx_word' id='word_1_9' title='bbox 1022 167 1064 214; x_wconf 82' lang='lat' dir='ltr'><em>C</em></span> <span class='ocrx_word' id='word_1_10' title='bbox 1064 166 1411 214; x_wconf 58' lang='lat' dir='ltr'>cantuariensis.</span> <span class='ocrx_word' id='word_1_11' title='bbox 1749 184 1762 213; x_wconf 92' lang='lat'>1</span> <span class='ocrx_word' id='word_1_12' title='bbox 1775 184 1802 225; x_wconf 85' lang='lat'>9</span> <span class='ocrx_word' id='word_1_13' title='bbox 1810 182 1834 226; x_wconf 79' lang='lat'>3</span> 
     </span>
    </p>
   </div>
   <div class='ocr_carea' id='block_1_2' title="bbox 171 324 1844 2655">
    <p class='ocr_par' dir='ltr' id='par_1_2' title="bbox 171 324 1844 2655">
     <span class='ocr_line' id='line_1_2' title="bbox 172 324 1837 379; baseline -0.001 -14"><span class='ocrx_word' id='word_1_14' title='bbox 172 326 245 379; x_wconf 87' lang='lat' dir='ltr'>qui</span> <span class='ocrx_word' id='word_1_15' title='bbox 269 339 383 366; x_wconf 92' lang='lat' dir='ltr'>nunc</span> <span class='ocrx_word' id='word_1_16' title='bbox 415 332 480 366; x_wconf 90' lang='lat' dir='ltr'>est</span> <span class='ocrx_word' id='word_1_17' title='bbox 509 325 748 378; x_wconf 73' lang='lat' dir='ltr'>diligenter·</span> <span class='ocrx_word' id='word_1_18' title='bbox 774 331 817 366; x_wconf 91' lang='lat' dir='ltr'>et</span> <span class='ocrx_word' id='word_1_19' title='bbox 850 326 1014 366; x_wconf 79' lang='lat' dir='ltr'>utiliter</span> <span class='ocrx_word' id='word_1_20' title='bbox 1046 325 1249 365; x_wconf 87' lang='lat' dir='ltr'>tractavit</span> <span class='ocrx_word' id='word_1_21' title='bbox 1282 325 1461 377; x_wconf 81' lang='lat' dir='ltr'>negotia</span> <span class='ocrx_word' id='word_1_22' title='bbox 1491 324 1772 376; x_wconf 73' lang='lat' dir='ltr'>episcopatus</span> <span class='ocrx_word' id='word_1_23' title='bbox 1794 331 1837 364; x_wconf 91' lang='lat' dir='ltr'>et</span> 
     </span>
     <span class='ocr_line' id='line_1_3' title="bbox 171 392 1835 447; baseline -0.001 -13"><span class='ocrx_word' id='word_1_24' title='bbox 171 395 354 435; x_wconf 77' lang='lat' dir='ltr'><strong>ecclesie</strong></span> <span class='ocrx_word' id='word_1_25' title='bbox 379 395 728 443; x_wconf 86' lang='lat' dir='ltr'>Herefordensis,</span> <span class='ocrx_word' id='word_1_26' title='bbox 751 395 811 434; x_wconf 91' lang='lat' dir='ltr'>ita</span> <span class='ocrx_word' id='word_1_27' title='bbox 833 394 951 447; x_wconf 91' lang='lat' dir='ltr'>quod</span> <span class='ocrx_word' id='word_1_28' title='bbox 976 409 1052 447; x_wconf 87' lang='lat' dir='ltr'>per</span> <span class='ocrx_word' id='word_1_29' title='bbox 1076 395 1158 434; x_wconf 89' lang='lat' dir='ltr'>Dei</span> <span class='ocrx_word' id='word_1_30' title='bbox 1181 394 1368 446; x_wconf 81' lang='lat' dir='ltr'>gratiam</span> <span class='ocrx_word' id='word_1_31' title='bbox 1392 399 1436 433; x_wconf 89' lang='lat' dir='ltr'>et</span> <span class='ocrx_word' id='word_1_32' title='bbox 1458 393 1553 445; x_wconf 89' lang='lat' dir='ltr'>ejus</span> <span class='ocrx_word' id='word_1_33' title='bbox 1576 392 1835 433; x_wconf 81' lang='lat' dir='ltr'>industriam</span> 
     </span>
     <span class='ocr_line' id='line_1_4' title="bbox 172 462 1835 515; baseline -0.002 -12"><span class='ocrx_word' id='word_1_34' title='bbox 172 471 215 504; x_wconf 92' lang='lat' dir='ltr'>et</span> <span class='ocrx_word' id='word_1_35' title='bbox 258 463 451 503; x_wconf 89' lang='lat' dir='ltr'>laborem</span> <span class='ocrx_word' id='word_1_36' title='bbox 488 464 603 503; x_wconf 88' lang='lat' dir='ltr'>bona</span> <span class='ocrx_word' id='word_1_37' title='bbox 645 463 862 503; x_wconf 87' lang='lat' dir='ltr'>dictorum</span> <span class='ocrx_word' id='word_1_38' title='bbox 904 464 1185 515; x_wconf 76' lang='lat' dir='ltr'>episcopatus</span> <span class='ocrx_word' id='word_1_39' title='bbox 1228 469 1271 502; x_wconf 93' lang='lat' dir='ltr'>et</span> <span class='ocrx_word' id='word_1_40' title='bbox 1313 462 1495 502; x_wconf 89' lang='lat' dir='ltr'>ecclesie</span> <span class='ocrx_word' id='word_1_41' title='bbox 1537 468 1737 514; x_wconf 88' lang='lat' dir='ltr'>tempore</span> <span class='ocrx_word' id='word_1_42' title='bbox 1771 462 1835 501; x_wconf 84' lang='lat' dir='ltr'>sui</span> 
     </span>
     <span class='ocr_line' id='line_1_5' title="bbox 173 530 1837 584; baseline -0.001 -14"><span class='ocrx_word' id='word_1_43' title='bbox 173 532 396 584; x_wconf 76' lang='lat' dir='ltr'>regiminis</span> <span class='ocrx_word' id='word_1_44' title='bbox 415 539 516 572; x_wconf 88' lang='lat' dir='ltr'>sunt</span> <span class='ocrx_word' id='word_1_45' title='bbox 534 538 832 584; x_wconf 80' lang='lat' dir='ltr'>augmentata,</span> <span class='ocrx_word' id='word_1_46' title='bbox 849 532 1087 581; x_wconf 87' lang='lat' dir='ltr'>meliorata,</span> <span class='ocrx_word' id='word_1_47' title='bbox 1104 538 1148 571; x_wconf 93' lang='lat' dir='ltr'>et</span> <span class='ocrx_word' id='word_1_48' title='bbox 1167 531 1403 584; x_wconf 88' lang='lat' dir='ltr'>plurimum</span> <span class='ocrx_word' id='word_1_49' title='bbox 1423 530 1582 580; x_wconf 89' lang='lat' dir='ltr'>dilata;</span> <span class='ocrx_word' id='word_1_50' title='bbox 1606 537 1837 583; x_wconf 90' lang='lat' dir='ltr'>propterea</span> 
     </span>
     <span class='ocr_line' id='line_1_6' title="bbox 172 598 1837 653; baseline -0.001 -13"><span class='ocrx_word' id='word_1_51' title='bbox 172 600 379 652; x_wconf 89' lang='lat' dir='ltr'>quicquid</span> <span class='ocrx_word' id='word_1_52' title='bbox 410 600 525 640; x_wconf 90' lang='lat' dir='ltr'>idem</span> <span class='ocrx_word' id='word_1_53' title='bbox 549 601 782 653; x_wconf 86' lang='lat' dir='ltr'>episcopus</span> <span class='ocrx_word' id='word_1_54' title='bbox 814 601 1043 652; x_wconf 88' lang='lat' dir='ltr'>acquisivit</span> <span class='ocrx_word' id='word_1_55' title='bbox 1070 607 1144 640; x_wconf 90' lang='lat' dir='ltr'>aut</span> <span class='ocrx_word' id='word_1_56' title='bbox 1177 600 1423 640; x_wconf 80' lang='lat' dir='ltr'>melioravit</span> <span class='ocrx_word' id='word_1_57' title='bbox 1455 598 1714 648; x_wconf 88' lang='lat' dir='ltr'>edificando,</span> <span class='ocrx_word' id='word_1_58' title='bbox 1736 612 1837 638; x_wconf 91' lang='lat' dir='ltr'>con-</span> 
     </span>
     <span class='ocr_line' id='line_1_7' title="bbox 172 668 1837 721; baseline -0.001 -13"><span class='ocrx_word' id='word_1_59' title='bbox 172 669 394 717; x_wconf 88' lang='lat' dir='ltr'>struendo,</span> <span class='ocrx_word' id='word_1_60' title='bbox 425 669 626 717; x_wconf 89' lang='lat' dir='ltr'>emendo,</span> <span class='ocrx_word' id='word_1_61' title='bbox 658 676 733 709; x_wconf 91' lang='lat' dir='ltr'>aut</span> <span class='ocrx_word' id='word_1_62' title='bbox 765 682 1029 721; x_wconf 89' lang='lat' dir='ltr'>quocunque</span> <span class='ocrx_word' id='word_1_63' title='bbox 1061 669 1146 708; x_wconf 91' lang='lat' dir='ltr'>alio</span> <span class='ocrx_word' id='word_1_64' title='bbox 1178 668 1306 708; x_wconf 85' lang='lat' dir='ltr'>titulo</span> <span class='ocrx_word' id='word_1_65' title='bbox 1338 669 1428 708; x_wconf 88' lang='lat' dir='ltr'>sive</span> <span class='ocrx_word' id='word_1_66' title='bbox 1461 668 1594 708; x_wconf 91' lang='lat' dir='ltr'>modo</span> <span class='ocrx_word' id='word_1_67' title='bbox 1627 669 1668 707; x_wconf 93' lang='lat' dir='ltr'>in</span> <span class='ocrx_word' id='word_1_68' title='bbox 1703 681 1837 720; x_wconf 82' lang='lat' dir='ltr'>regno</span> 
     </span>
     <span class='ocr_line' id='line_1_8' title="bbox 174 736 1837 791; baseline -0.001 -14"><span class='ocrx_word' id='word_1_69' title='bbox 174 738 348 791; x_wconf 80' lang='lat' dir='ltr'>Anglie,</span> <span class='ocrx_word' id='word_1_70' title='bbox 371 738 436 777; x_wconf 92' lang='lat' dir='ltr'>vel</span> <span class='ocrx_word' id='word_1_71' title='bbox 470 739 512 777; x_wconf 90' lang='lat' dir='ltr'>in</span> <span class='ocrx_word' id='word_1_72' title='bbox 546 737 742 790; x_wconf 89' lang='lat' dir='ltr'>partibus</span> <span class='ocrx_word' id='word_1_73' title='bbox 775 737 892 777; x_wconf 90' lang='lat' dir='ltr'>unde</span> <span class='ocrx_word' id='word_1_74' title='bbox 923 737 1133 777; x_wconf 88' lang='lat' dir='ltr'>oriundus</span> <span class='ocrx_word' id='word_1_75' title='bbox 1166 737 1331 785; x_wconf 77' lang='lat' dir='ltr'>existit,</span> <span class='ocrx_word' id='word_1_76' title='bbox 1354 743 1396 777; x_wconf 86' lang='lat' dir='ltr'>et</span> <span class='ocrx_word' id='word_1_77' title='bbox 1429 737 1463 776; x_wconf 89' lang='lat' dir='ltr'>si</span> <span class='ocrx_word' id='word_1_78' title='bbox 1496 736 1663 789; x_wconf 89' lang='lat' dir='ltr'>aliquid</span> <span class='ocrx_word' id='word_1_79' title='bbox 1695 737 1751 777; x_wconf 90' lang='lat' dir='ltr'>de</span> <span class='ocrx_word' id='word_1_80' title='bbox 1777 737 1837 776; x_wconf 89' lang='lat' dir='ltr'>sic</span> 
     </span>
     <span class='ocr_line' id='line_1_9' title="bbox 172 805 1838 859; baseline -0.001 -13"><span class='ocrx_word' id='word_1_81' title='bbox 172 807 395 859; x_wconf 86' lang='lat' dir='ltr'>acquisitis</span> <span class='ocrx_word' id='word_1_82' title='bbox 418 806 626 855; x_wconf 89' lang='lat' dir='ltr'>vendidit,</span> <span class='ocrx_word' id='word_1_83' title='bbox 645 806 710 846; x_wconf 91' lang='lat' dir='ltr'>vel</span> <span class='ocrx_word' id='word_1_84' title='bbox 734 806 926 854; x_wconf 91' lang='lat' dir='ltr'>donavit,</span> <span class='ocrx_word' id='word_1_85' title='bbox 944 812 1019 845; x_wconf 92' lang='lat' dir='ltr'>aut</span> <span class='ocrx_word' id='word_1_86' title='bbox 1043 805 1215 855; x_wconf 84' lang='lat' dir='ltr'>vendet,</span> <span class='ocrx_word' id='word_1_87' title='bbox 1233 820 1308 845; x_wconf 90' lang='lat' dir='ltr'>seu</span> <span class='ocrx_word' id='word_1_88' title='bbox 1331 805 1515 845; x_wconf 83' lang='lat' dir='ltr'>donabit</span> <span class='ocrx_word' id='word_1_89' title='bbox 1538 807 1838 858; x_wconf 87' lang='lat' dir='ltr'>imposterum,</span> 
     </span>
     <span class='ocr_line' id='line_1_10' title="bbox 173 874 1839 927; baseline 0 -13"><span class='ocrx_word' id='word_1_90' title='bbox 173 875 316 915; x_wconf 91' lang='lat' dir='ltr'>eidem</span> <span class='ocrx_word' id='word_1_91' title='bbox 340 882 552 927; x_wconf 80' lang='lat' dir='ltr'>tanquam</span> <span class='ocrx_word' id='word_1_92' title='bbox 576 875 688 915; x_wconf 89' lang='lat' dir='ltr'>bene</span> <span class='ocrx_word' id='word_1_93' title='bbox 711 875 867 914; x_wconf 90' lang='lat' dir='ltr'>merito</span> <span class='ocrx_word' id='word_1_94' title='bbox 889 874 1185 923; x_wconf 82' lang='lat' dir='ltr'>concedimus,</span> <span class='ocrx_word' id='word_1_95' title='bbox 1207 881 1251 914; x_wconf 92' lang='lat' dir='ltr'>et</span> <span class='ocrx_word' id='word_1_96' title='bbox 1278 875 1385 914; x_wconf 92' lang='lat' dir='ltr'>illud</span> <span class='ocrx_word' id='word_1_97' title='bbox 1418 882 1562 915; x_wconf 92' lang='lat' dir='ltr'>totum</span> <span class='ocrx_word' id='word_1_98' title='bbox 1593 881 1767 927; x_wconf 79' lang='lat' dir='ltr'>gratum</span> <span class='ocrx_word' id='word_1_99' title='bbox 1795 881 1839 914; x_wconf 94' lang='lat' dir='ltr'>et</span> 
     </span>
     <span class='ocr_line' id='line_1_11' title="bbox 174 943 1839 996; baseline 0 -13"><span class='ocrx_word' id='word_1_100' title='bbox 174 950 316 984; x_wconf 90' lang='lat' dir='ltr'>ratum</span> <span class='ocrx_word' id='word_1_101' title='bbox 343 944 556 983; x_wconf 88' lang='lat' dir='ltr'>habemus</span> <span class='ocrx_word' id='word_1_102' title='bbox 573 951 617 984; x_wconf 90' lang='lat' dir='ltr'>et</span> <span class='ocrx_word' id='word_1_103' title='bbox 639 950 854 996; x_wconf 92' lang='lat' dir='ltr'>quantum</span> <span class='ocrx_word' id='word_1_104' title='bbox 878 943 933 982; x_wconf 93' lang='lat' dir='ltr'>ad</span> <span class='ocrx_word' id='word_1_105' title='bbox 960 957 1039 982; x_wconf 88' lang='lat' dir='ltr'>nos</span> <span class='ocrx_word' id='word_1_106' title='bbox 1059 944 1247 995; x_wconf 86' lang='lat' dir='ltr'>pertinet</span> <span class='ocrx_word' id='word_1_107' title='bbox 1270 943 1582 983; x_wconf 86' lang='lat' dir='ltr'>confirmamus</span> <span class='ocrx_word' id='word_1_108' title='bbox 1601 958 1608 993; x_wconf 92' lang='lat'>;</span> <span class='ocrx_word' id='word_1_109' title='bbox 1639 943 1839 996; x_wconf 86' lang='lat' dir='ltr'>exceptis</span> 
     </span>
     <span class='ocr_line' id='line_1_12' title="bbox 173 1011 1840 1064; baseline -0.001 -13"><span class='ocrx_word' id='word_1_110' title='bbox 173 1012 255 1051; x_wconf 90' lang='lat' dir='ltr'>illis</span> <span class='ocrx_word' id='word_1_111' title='bbox 278 1025 363 1064; x_wconf 91' lang='lat' dir='ltr'>que</span> <span class='ocrx_word' id='word_1_112' title='bbox 385 1012 616 1064; x_wconf 89' lang='lat' dir='ltr'>acquisivit</span> <span class='ocrx_word' id='word_1_113' title='bbox 633 1011 700 1052; x_wconf 91' lang='lat' dir='ltr'>vel</span> <span class='ocrx_word' id='word_1_114' title='bbox 725 1011 970 1051; x_wconf 82' lang='lat' dir='ltr'>melioravit</span> <span class='ocrx_word' id='word_1_115' title='bbox 994 1012 1035 1051; x_wconf 90' lang='lat' dir='ltr'>in</span> <span class='ocrx_word' id='word_1_116' title='bbox 1059 1011 1292 1051; x_wconf 89' lang='lat' dir='ltr'>dominicis</span> <span class='ocrx_word' id='word_1_117' title='bbox 1316 1013 1520 1052; x_wconf 87' lang='lat' dir='ltr'>maneriis</span> <span class='ocrx_word' id='word_1_118' title='bbox 1538 1012 1840 1064; x_wconf 83' lang='lat' dir='ltr'>spectantibus</span> 
     </span>
     <span class='ocr_line' id='line_1_13' title="bbox 173 1080 1840 1134; baseline 0 -14"><span class='ocrx_word' id='word_1_119' title='bbox 173 1080 227 1120; x_wconf 92' lang='lat' dir='ltr'>ad</span> <span class='ocrx_word' id='word_1_120' title='bbox 260 1081 518 1133; x_wconf 88' lang='lat' dir='ltr'>episcopum</span> <span class='ocrx_word' id='word_1_121' title='bbox 556 1080 939 1128; x_wconf 87' lang='lat' dir='ltr'>Herefordensem‚</span> <span class='ocrx_word' id='word_1_122' title='bbox 961 1094 1046 1133; x_wconf 88' lang='lat' dir='ltr'>que.</span> <span class='ocrx_word' id='word_1_123' title='bbox 1078 1087 1180 1120; x_wconf 88' lang='lat' dir='ltr'>sunt</span> <span class='ocrx_word' id='word_1_124' title='bbox 1212 1080 1267 1121; x_wconf 92' lang='lat' dir='ltr'>de</span> <span class='ocrx_word' id='word_1_125' title='bbox 1289 1080 1513 1120; x_wconf 90' lang='lat' dir='ltr'>dominico</span> <span class='ocrx_word' id='word_1_126' title='bbox 1546 1082 1840 1134; x_wconf 81' lang='lat' dir='ltr'>episcopatus,</span> 
     </span>
     <span class='ocr_line' id='line_1_14' title="bbox 173 1149 1841 1202; baseline 0 -13"><span class='ocrx_word' id='word_1_127' title='bbox 173 1156 217 1189; x_wconf 93' lang='lat' dir='ltr'>et</span> <span class='ocrx_word' id='word_1_128' title='bbox 238 1155 429 1202; x_wconf 88' lang='lat' dir='ltr'>excepta</span> <span class='ocrx_word' id='word_1_129' title='bbox 458 1149 531 1189; x_wconf 91' lang='lat' dir='ltr'>illa</span> <span class='ocrx_word' id='word_1_130' title='bbox 555 1157 666 1189; x_wconf 88' lang='lat' dir='ltr'>terra</span> <span class='ocrx_word' id='word_1_131' title='bbox 689 1163 774 1202; x_wconf 90' lang='lat' dir='ltr'>que</span> <span class='ocrx_word' id='word_1_132' title='bbox 798 1156 979 1189; x_wconf 88' lang='lat' dir='ltr'>vocatur</span> <span class='ocrx_word' id='word_1_133' title='bbox 1001 1155 1115 1189; x_wconf 87' lang='lat' dir='ltr'>terra</span> <span class='ocrx_word' id='word_1_134' title='bbox 1142 1149 1197 1189; x_wconf 89' lang='lat' dir='ltr'>de</span> <span class='ocrx_word' id='word_1_135' title='bbox 1220 1149 1353 1188; x_wconf 88' lang='lat' dir='ltr'>bosco</span> <span class='ocrx_word' id='word_1_136' title='bbox 1375 1150 1459 1189; x_wconf 90' lang='lat' dir='ltr'>sita</span> <span class='ocrx_word' id='word_1_137' title='bbox 1492 1150 1534 1189; x_wconf 92' lang='lat' dir='ltr'>in</span> <span class='ocrx_word' id='word_1_138' title='bbox 1564 1150 1760 1190; x_wconf 90' lang='lat' dir='ltr'>manerio</span> <span class='ocrx_word' id='word_1_139' title='bbox 1786 1150 1841 1189; x_wconf 89' lang='lat' dir='ltr'>de</span> 
     </span>
     <span class='ocr_line' id='line_1_15' title="bbox 177 1217 1839 1270; baseline 0.001 -13"><span class='ocrx_word' id='word_1_140' title='bbox 177 1217 485 1270; x_wconf 89' lang='lat' dir='ltr'>Hammalacy,</span> <span class='ocrx_word' id='word_1_141' title='bbox 507 1231 639 1270; x_wconf 91' lang='lat' dir='ltr'>quam</span> <span class='ocrx_word' id='word_1_142' title='bbox 672 1218 865 1270; x_wconf 86' lang='lat' dir='ltr'>prefatus</span> <span class='ocrx_word' id='word_1_143' title='bbox 891 1219 1124 1270; x_wconf 89' lang='lat' dir='ltr'>episcopus</span> <span class='ocrx_word' id='word_1_144' title='bbox 1151 1219 1258 1258; x_wconf 92' lang='lat' dir='ltr'>emit</span> <span class='ocrx_word' id='word_1_145' title='bbox 1290 1219 1346 1258; x_wconf 91' lang='lat' dir='ltr'>ab</span> <span class='ocrx_word' id='word_1_146' title='bbox 1372 1218 1532 1258; x_wconf 89' lang='lat' dir='ltr'>abbate</span> <span class='ocrx_word' id='word_1_147' title='bbox 1555 1225 1598 1258; x_wconf 90' lang='lat' dir='ltr'>et</span> <span class='ocrx_word' id='word_1_148' title='bbox 1621 1225 1839 1259; x_wconf 90' lang='lat' dir='ltr'>conventu</span> 
     </span>
     <span class='ocr_line' id='line_1_16' title="bbox 173 1286 1840 1340; baseline 0.001 -14"><span class='ocrx_word' id='word_1_149' title='bbox 173 1286 228 1326; x_wconf 90' lang='lat' dir='ltr'>de</span> <span class='ocrx_word' id='word_1_150' title='bbox 264 1286 541 1334; x_wconf 88' lang='lat' dir='ltr'>Lavendene‚</span> <span class='ocrx_word' id='word_1_151' title='bbox 575 1300 659 1339; x_wconf 91' lang='lat' dir='ltr'>que</span> <span class='ocrx_word' id='word_1_152' title='bbox 694 1286 774 1327; x_wconf 88' lang='lat' dir='ltr'>fuit</span> <span class='ocrx_word' id='word_1_153' title='bbox 816 1287 1040 1339; x_wconf 87' lang='lat' dir='ltr'>quondam</span> <span class='ocrx_word' id='word_1_154' title='bbox 1082 1287 1292 1327; x_wconf 88' lang='lat' dir='ltr'>Willelmi</span> <span class='ocrx_word' id='word_1_155' title='bbox 1332 1287 1405 1326; x_wconf 86' lang='lat' dir='ltr'>filii</span> <span class='ocrx_word' id='word_1_156' title='bbox 1445 1288 1623 1327; x_wconf 89' lang='lat' dir='ltr'>Warini.</span> <span class='ocrx_word' id='word_1_157' title='bbox 1690 1288 1840 1340; x_wconf 86' lang='lat' dir='ltr'>Ipsum</span> 
     </span>
     <span class='ocr_line' id='line_1_17' title="bbox 174 1355 1841 1409; baseline 0.001 -15"><span class='ocrx_word' id='word_1_158' title='bbox 174 1355 306 1395; x_wconf 90' lang='lat' dir='ltr'>etiam</span> <span class='ocrx_word' id='word_1_159' title='bbox 339 1356 595 1408; x_wconf 90' lang='lat' dir='ltr'>episcopum</span> <span class='ocrx_word' id='word_1_160' title='bbox 629 1362 672 1395; x_wconf 91' lang='lat' dir='ltr'>et</span> <span class='ocrx_word' id='word_1_161' title='bbox 705 1369 859 1396; x_wconf 86' lang='lat' dir='ltr'>omnes</span> <span class='ocrx_word' id='word_1_162' title='bbox 892 1356 988 1395; x_wconf 82' lang='lat' dir='ltr'>illos</span> <span class='ocrx_word' id='word_1_163' title='bbox 1021 1357 1063 1395; x_wconf 93' lang='lat' dir='ltr'>in</span> <span class='ocrx_word' id='word_1_164' title='bbox 1097 1370 1207 1409; x_wconf 87' lang='lat' dir='ltr'>quos</span> <span class='ocrx_word' id='word_1_165' title='bbox 1239 1356 1493 1408; x_wconf 88' lang='lat' dir='ltr'>hujusmodi</span> <span class='ocrx_word' id='word_1_166' title='bbox 1526 1357 1742 1409; x_wconf 88' lang='lat' dir='ltr'>acquisita</span> <span class='ocrx_word' id='word_1_167' title='bbox 1775 1357 1841 1397; x_wconf 92' lang='lat' dir='ltr'>vel</span> 
     </span>
     <span class='ocr_line' id='line_1_18' title="bbox 176 1424 1842 1473; baseline 0.001 -9"><span class='ocrx_word' id='word_1_168' title='bbox 176 1424 404 1464; x_wconf 90' lang='lat' dir='ltr'>meliorata</span> <span class='ocrx_word' id='word_1_169' title='bbox 455 1425 691 1473; x_wconf 88' lang='lat' dir='ltr'>transtulit,</span> <span class='ocrx_word' id='word_1_170' title='bbox 732 1426 798 1465; x_wconf 91' lang='lat' dir='ltr'>vel</span> <span class='ocrx_word' id='word_1_171' title='bbox 841 1426 975 1465; x_wconf 89' lang='lat' dir='ltr'>etiam</span> <span class='ocrx_word' id='word_1_172' title='bbox 1028 1425 1281 1466; x_wconf 84' lang='lat' dir='ltr'>transferret</span> <span class='ocrx_word' id='word_1_173' title='bbox 1329 1426 1370 1465; x_wconf 92' lang='lat' dir='ltr'>in</span> <span class='ocrx_word' id='word_1_174' title='bbox 1413 1425 1607 1466; x_wconf 88' lang='lat' dir='ltr'>futurum</span> <span class='ocrx_word' id='word_1_175' title='bbox 1659 1427 1842 1466; x_wconf 90' lang='lat' dir='ltr'>omnino</span> 
     </span>
     <span class='ocr_line' id='line_1_19' title="bbox 174 1494 1842 1549; baseline 0.001 -16"><span class='ocrx_word' id='word_1_176' title='bbox 174 1494 409 1546; x_wconf 75' lang='lat' dir='ltr'>quitamuS,</span> <span class='ocrx_word' id='word_1_177' title='bbox 431 1501 621 1546; x_wconf 76' lang='lat' dir='ltr'>excepta</span> <span class='ocrx_word' id='word_1_178' title='bbox 654 1494 849 1547; x_wconf 86' lang='lat' dir='ltr'>predicta</span> <span class='ocrx_word' id='word_1_179' title='bbox 881 1502 994 1534; x_wconf 88' lang='lat' dir='ltr'>terra</span> <span class='ocrx_word' id='word_1_180' title='bbox 1027 1495 1110 1534; x_wconf 88' lang='lat' dir='ltr'>sita</span> <span class='ocrx_word' id='word_1_181' title='bbox 1143 1496 1184 1534; x_wconf 87' lang='lat' dir='ltr'>in</span> <span class='ocrx_word' id='word_1_182' title='bbox 1219 1495 1416 1534; x_wconf 89' lang='lat' dir='ltr'>manerio</span> <span class='ocrx_word' id='word_1_183' title='bbox 1442 1496 1497 1535; x_wconf 90' lang='lat' dir='ltr'>de</span> <span class='ocrx_word' id='word_1_184' title='bbox 1534 1495 1842 1549; x_wconf 84' lang='lat' dir='ltr'>Hammalacy,</span> 
     </span>
     <span class='ocr_line' id='line_1_20' title="bbox 174 1563 1843 1617; baseline 0.002 -15"><span class='ocrx_word' id='word_1_185' title='bbox 174 1569 217 1602; x_wconf 93' lang='lat' dir='ltr'>et</span> <span class='ocrx_word' id='word_1_186' title='bbox 259 1563 459 1615; x_wconf 80' lang='lat' dir='ltr'>exceptis</span> <span class='ocrx_word' id='word_1_187' title='bbox 512 1563 855 1604; x_wconf 85' lang='lat' dir='ltr'>melioramentis</span> <span class='ocrx_word' id='word_1_188' title='bbox 907 1572 949 1604; x_wconf 90' lang='lat' dir='ltr'>ct</span> <span class='ocrx_word' id='word_1_189' title='bbox 1002 1565 1284 1617; x_wconf 79' lang='lat' dir='ltr'>acquestibus</span> <span class='ocrx_word' id='word_1_190' title='bbox 1337 1564 1462 1604; x_wconf 88' lang='lat' dir='ltr'>factis</span> <span class='ocrx_word' id='word_1_191' title='bbox 1514 1566 1557 1605; x_wconf 91' lang='lat' dir='ltr'>in</span> <span class='ocrx_word' id='word_1_192' title='bbox 1609 1565 1843 1605; x_wconf 84' lang='lat' dir='ltr'>dominicis</span> 
     </span>
     <span class='ocr_line' id='line_1_21' title="bbox 176 1633 1843 1687; baseline 0.001 -15"><span class='ocrx_word' id='word_1_193' title='bbox 176 1633 381 1672; x_wconf 89' lang='lat' dir='ltr'>maneriis</span> <span class='ocrx_word' id='word_1_194' title='bbox 409 1633 689 1686; x_wconf 88' lang='lat' dir='ltr'>episcopatus</span> <span class='ocrx_word' id='word_1_195' title='bbox 720 1633 1067 1681; x_wconf 72' lang='lat' dir='ltr'>Hereforclensis,</span> <span class='ocrx_word' id='word_1_196' title='bbox 1092 1641 1221 1686; x_wconf 82' lang='lat' dir='ltr'>prout</span> <span class='ocrx_word' id='word_1_197' title='bbox 1245 1635 1443 1686; x_wconf 89' lang='lat' dir='ltr'>superius</span> <span class='ocrx_word' id='word_1_198' title='bbox 1465 1641 1531 1674; x_wconf 91' lang='lat' dir='ltr'>est</span> <span class='ocrx_word' id='word_1_199' title='bbox 1552 1648 1813 1687; x_wconf 81' lang='lat' dir='ltr'>expressum</span> <span class='ocrx_word' id='word_1_200' title='bbox 1836 1650 1843 1682; x_wconf 75' lang='lat'><em>3</em></span> 
     </span>
     <span class='ocr_line' id='line_1_22' title="bbox 177 1702 1841 1756; baseline 0.002 -15"><span class='ocrx_word' id='word_1_201' title='bbox 177 1702 484 1754; x_wconf 86' lang='lat' dir='ltr'>promittentes</span> <span class='ocrx_word' id='word_1_202' title='bbox 538 1716 616 1755; x_wconf 84' lang='lat' dir='ltr'>pro</span> <span class='ocrx_word' id='word_1_203' title='bbox 668 1703 794 1742; x_wconf 91' lang='lat' dir='ltr'>nobis</span> <span class='ocrx_word' id='word_1_204' title='bbox 845 1710 888 1743; x_wconf 90' lang='lat' dir='ltr'>et</span> <span class='ocrx_word' id='word_1_205' title='bbox 939 1703 1262 1743; x_wconf 88' lang='lat' dir='ltr'>successoribus</span> <span class='ocrx_word' id='word_1_206' title='bbox 1316 1704 1486 1753; x_wconf 85' lang='lat' dir='ltr'>nostris,</span> <span class='ocrx_word' id='word_1_207' title='bbox 1528 1704 1646 1756; x_wconf 88' lang='lat' dir='ltr'>quod</span> <span class='ocrx_word' id='word_1_208' title='bbox 1698 1704 1841 1744; x_wconf 91' lang='lat' dir='ltr'>eidem</span> 
     </span>
     <span class='ocr_line' id='line_1_23' title="bbox 175 1771 1844 1826; baseline 0.002 -17"><span class='ocrx_word' id='word_1_209' title='bbox 175 1771 384 1823; x_wconf 89' lang='lat' dir='ltr'>episcopo</span> <span class='ocrx_word' id='word_1_210' title='bbox 418 1777 493 1811; x_wconf 91' lang='lat' dir='ltr'>aut</span> <span class='ocrx_word' id='word_1_211' title='bbox 530 1772 776 1823; x_wconf 90' lang='lat' dir='ltr'>cuicunque</span> <span class='ocrx_word' id='word_1_212' title='bbox 809 1772 880 1811; x_wconf 91' lang='lat' dir='ltr'>alii</span> <span class='ocrx_word' id='word_1_213' title='bbox 915 1773 1082 1812; x_wconf 89' lang='lat' dir='ltr'>tenenti</span> <span class='ocrx_word' id='word_1_214' title='bbox 1119 1780 1163 1812; x_wconf 93' lang='lat' dir='ltr'>et</span> <span class='ocrx_word' id='word_1_215' title='bbox 1201 1772 1443 1825; x_wconf 87' lang='lat' dir='ltr'>possidenti</span> <span class='ocrx_word' id='word_1_216' title='bbox 1478 1787 1544 1813; x_wconf 91' lang='lat' dir='ltr'>res</span> <span class='ocrx_word' id='word_1_217' title='bbox 1578 1773 1844 1826; x_wconf 87' lang='lat' dir='ltr'>hujusmodi,</span> 
     </span>
     <span class='ocr_line' id='line_1_24' title="bbox 175 1840 1842 1895; baseline 0.002 -15"><span class='ocrx_word' id='word_1_218' title='bbox 175 1846 250 1880; x_wconf 89' lang='lat' dir='ltr'>aut</span> <span class='ocrx_word' id='word_1_219' title='bbox 282 1840 475 1892; x_wconf 91' lang='lat' dir='ltr'>aliquam</span> <span class='ocrx_word' id='word_1_220' title='bbox 508 1855 565 1881; x_wconf 77' lang='lat' dir='ltr'>ex</span> <span class='ocrx_word' id='word_1_221' title='bbox 599 1842 714 1894; x_wconf 88' lang='lat' dir='ltr'>ipsis,</span> <span class='ocrx_word' id='word_1_222' title='bbox 739 1841 903 1882; x_wconf 88' lang='lat' dir='ltr'>nullam</span> <span class='ocrx_word' id='word_1_223' title='bbox 934 1843 1211 1894; x_wconf 90' lang='lat' dir='ltr'>questionem</span> <span class='ocrx_word' id='word_1_224' title='bbox 1246 1842 1522 1882; x_wconf 87' lang='lat' dir='ltr'>movebimus</span> <span class='ocrx_word' id='word_1_225' title='bbox 1556 1856 1632 1895; x_wconf 85' lang='lat' dir='ltr'>per</span> <span class='ocrx_word' id='word_1_226' title='bbox 1663 1857 1753 1891; x_wconf 84' lang='lat' dir='ltr'>nOS,</span> <span class='ocrx_word' id='word_1_227' title='bbox 1776 1843 1842 1883; x_wconf 92' lang='lat' dir='ltr'>vel</span> 
     </span>
     <span class='ocr_line' id='line_1_25' title="bbox 176 1908 1844 1957; baseline 0.001 -9"><span class='ocrx_word' id='word_1_228' title='bbox 176 1908 323 1957; x_wconf 88' lang='lat' dir='ltr'>alium,</span> <span class='ocrx_word' id='word_1_229' title='bbox 373 1916 449 1949; x_wconf 92' lang='lat' dir='ltr'>aut</span> <span class='ocrx_word' id='word_1_230' title='bbox 502 1909 750 1950; x_wconf 86' lang='lat' dir='ltr'>molestiam</span> <span class='ocrx_word' id='word_1_231' title='bbox 804 1910 1050 1951; x_wconf 90' lang='lat' dir='ltr'>inferemus.</span> <span class='ocrx_word' id='word_1_232' title='bbox 1129 1912 1207 1952; x_wconf 84' lang='lat' dir='ltr'>Set</span> <span class='ocrx_word' id='word_1_233' title='bbox 1249 1925 1306 1951; x_wconf 82' lang='lat' dir='ltr'>ex</span> <span class='ocrx_word' id='word_1_234' title='bbox 1349 1911 1573 1951; x_wconf 91' lang='lat' dir='ltr'>communi</span> <span class='ocrx_word' id='word_1_235' title='bbox 1616 1911 1844 1951; x_wconf 89' lang='lat' dir='ltr'>voluntate</span> 
     </span>
     <span class='ocr_line' id='line_1_26' title="bbox 176 1977 1842 2032; baseline 0.001 -15"><span class='ocrx_word' id='word_1_236' title='bbox 176 1977 449 2018; x_wconf 87' lang='lat' dir='ltr'>decrevimus</span> <span class='ocrx_word' id='word_1_237' title='bbox 500 1985 543 2018; x_wconf 91' lang='lat' dir='ltr'>et</span> <span class='ocrx_word' id='word_1_238' title='bbox 594 1992 805 2031; x_wconf 78' lang='lat' dir='ltr'>expresse</span> <span class='ocrx_word' id='word_1_239' title='bbox 856 1980 1168 2029; x_wconf 87' lang='lat' dir='ltr'>consentimus,</span> <span class='ocrx_word' id='word_1_240' title='bbox 1210 1979 1328 2032; x_wconf 90' lang='lat' dir='ltr'>quod</span> <span class='ocrx_word' id='word_1_241' title='bbox 1371 1979 1602 2032; x_wconf 88' lang='lat' dir='ltr'>dispositio</span> <span class='ocrx_word' id='word_1_242' title='bbox 1648 1979 1842 2032; x_wconf 87' lang='lat' dir='ltr'>episcopi</span> 
     </span>
     <span class='ocr_line' id='line_1_27' title="bbox 177 2048 1844 2101; baseline -0.001 -13"><span class='ocrx_word' id='word_1_243' title='bbox 177 2049 407 2088; x_wconf 88' lang='lat' dir='ltr'>memorati</span> <span class='ocrx_word' id='word_1_244' title='bbox 447 2062 576 2101; x_wconf 88' lang='lat' dir='ltr'>super</span> <span class='ocrx_word' id='word_1_245' title='bbox 610 2048 833 2100; x_wconf 89' lang='lat' dir='ltr'>premissis</span> <span class='ocrx_word' id='word_1_246' title='bbox 868 2048 996 2088; x_wconf 89' lang='lat' dir='ltr'>rebus</span> <span class='ocrx_word' id='word_1_247' title='bbox 1039 2049 1244 2088; x_wconf 89' lang='lat' dir='ltr'>omnibus</span> <span class='ocrx_word' id='word_1_248' title='bbox 1286 2055 1330 2089; x_wconf 91' lang='lat' dir='ltr'>et</span> <span class='ocrx_word' id='word_1_249' title='bbox 1372 2049 1568 2101; x_wconf 80' lang='lat' dir='ltr'>singulis,</span> <span class='ocrx_word' id='word_1_250' title='bbox 1601 2049 1692 2089; x_wconf 88' lang='lat' dir='ltr'>sive</span> <span class='ocrx_word' id='word_1_251' title='bbox 1733 2049 1844 2088; x_wconf 90' lang='lat' dir='ltr'>inter</span> 
     </span>
     <span class='ocr_line' id='line_1_28' title="bbox 176 2117 1843 2170; baseline -0.001 -13"><span class='ocrx_word' id='word_1_252' title='bbox 176 2118 310 2165; x_wconf 81' lang='lat' dir='ltr'>vivos,</span> <span class='ocrx_word' id='word_1_253' title='bbox 347 2118 438 2157; x_wconf 88' lang='lat' dir='ltr'>sive</span> <span class='ocrx_word' id='word_1_254' title='bbox 480 2118 522 2156; x_wconf 91' lang='lat' dir='ltr'>in</span> <span class='ocrx_word' id='word_1_255' title='bbox 566 2117 721 2156; x_wconf 86' lang='lat' dir='ltr'>ultima</span> <span class='ocrx_word' id='word_1_256' title='bbox 763 2117 1002 2165; x_wconf 86' lang='lat' dir='ltr'>voluntate,</span> <span class='ocrx_word' id='word_1_257' title='bbox 1037 2118 1078 2156; x_wconf 90' lang='lat' dir='ltr'>in</span> <span class='ocrx_word' id='word_1_258' title='bbox 1116 2118 1209 2170; x_wconf 89' lang='lat' dir='ltr'>pias</span> <span class='ocrx_word' id='word_1_259' title='bbox 1252 2131 1406 2157; x_wconf 88' lang='lat' dir='ltr'>causas</span> <span class='ocrx_word' id='word_1_260' title='bbox 1449 2131 1523 2157; x_wconf 86' lang='lat' dir='ltr'>seu</span> <span class='ocrx_word' id='word_1_261' title='bbox 1568 2118 1609 2157; x_wconf 90' lang='lat' dir='ltr'>in</span> <span class='ocrx_word' id='word_1_262' title='bbox 1653 2118 1843 2170; x_wconf 90' lang='lat' dir='ltr'>privatas</span> 
     </span>
     <span class='ocr_line' id='line_1_29' title="bbox 177 2186 1843 2239; baseline -0.001 -13"><span class='ocrx_word' id='word_1_263' title='bbox 177 2187 388 2227; x_wconf 90' lang='lat' dir='ltr'>utilitates</span> <span class='ocrx_word' id='word_1_264' title='bbox 426 2187 607 2226; x_wconf 87' lang='lat' dir='ltr'>liberam</span> <span class='ocrx_word' id='word_1_265' title='bbox 644 2193 688 2226; x_wconf 90' lang='lat' dir='ltr'>et</span> <span class='ocrx_word' id='word_1_266' title='bbox 726 2193 982 2239; x_wconf 88' lang='lat' dir='ltr'>perpetuam</span> <span class='ocrx_word' id='word_1_267' title='bbox 1022 2186 1182 2226; x_wconf 88' lang='lat' dir='ltr'>habeat</span> <span class='ocrx_word' id='word_1_268' title='bbox 1216 2186 1479 2227; x_wconf 87' lang='lat' dir='ltr'>firmitatem.</span> <span class='ocrx_word' id='word_1_269' title='bbox 1546 2187 1595 2226; x_wconf 87' lang='lat' dir='ltr'>In</span> <span class='ocrx_word' id='word_1_270' title='bbox 1628 2186 1751 2238; x_wconf 82' lang='lat' dir='ltr'>cujus</span> <span class='ocrx_word' id='word_1_271' title='bbox 1784 2186 1843 2226; x_wconf 90' lang='lat' dir='ltr'>rei</span> 
     </span>
     <span class='ocr_line' id='line_1_30' title="bbox 176 2255 1838 2308; baseline -0.002 -11"><span class='ocrx_word' id='word_1_272' title='bbox 176 2257 480 2297; x_wconf 88' lang='lat' dir='ltr'>testimonium</span> <span class='ocrx_word' id='word_1_273' title='bbox 518 2262 560 2296; x_wconf 91' lang='lat' dir='ltr'>et</span> <span class='ocrx_word' id='word_1_274' title='bbox 599 2255 858 2295; x_wconf 86' lang='lat' dir='ltr'>memoriam</span> <span class='ocrx_word' id='word_1_275' title='bbox 886 2256 1200 2307; x_wconf 89' lang='lat' dir='ltr'>sempiternam</span> <span class='ocrx_word' id='word_1_276' title='bbox 1232 2256 1423 2308; x_wconf 87' lang='lat' dir='ltr'>presenti</span> <span class='ocrx_word' id='word_1_277' title='bbox 1453 2255 1615 2307; x_wconf 88' lang='lat' dir='ltr'>scripto</span> <span class='ocrx_word' id='word_1_278' title='bbox 1648 2255 1838 2307; x_wconf 80' lang='lat' dir='ltr'>sigillum</span> 
     </span>
     <span class='ocr_line' id='line_1_31' title="bbox 177 2323 1836 2377; baseline -0.001 -12"><span class='ocrx_word' id='word_1_279' title='bbox 177 2332 373 2366; x_wconf 87' lang='lat' dir='ltr'>nostrum</span> <span class='ocrx_word' id='word_1_280' title='bbox 417 2325 628 2365; x_wconf 77' lang='lat' dir='ltr'>duximus</span> <span class='ocrx_word' id='word_1_281' title='bbox 669 2324 996 2377; x_wconf 86' lang='lat' dir='ltr'>apponendum.</span> <span class='ocrx_word' id='word_1_282' title='bbox 1060 2325 1227 2364; x_wconf 90' lang='lat' dir='ltr'>Datum</span> <span class='ocrx_word' id='word_1_283' title='bbox 1263 2324 1380 2377; x_wconf 91' lang='lat' dir='ltr'>apud</span> <span class='ocrx_word' id='word_1_284' title='bbox 1422 2323 1743 2371; x_wconf 86' lang='lat' dir='ltr'>Herefordiam,</span> <span class='ocrx_word' id='word_1_285' title='bbox 1779 2323 1836 2375; x_wconf 91' lang='lat' dir='ltr'>iiij</span> 
     </span>
     <span class='ocr_line' id='line_1_32' title="bbox 177 2393 1839 2447; baseline -0.002 -12"><span class='ocrx_word' id='word_1_286' title='bbox 177 2395 259 2435; x_wconf 85' lang='lat' dir='ltr'>kal.</span> <span class='ocrx_word' id='word_1_287' title='bbox 291 2395 422 2447; x_wconf 89' lang='lat' dir='ltr'>Junii,</span> <span class='ocrx_word' id='word_1_288' title='bbox 444 2408 560 2434; x_wconf 90' lang='lat' dir='ltr'>anno</span> <span class='ocrx_word' id='word_1_289' title='bbox 595 2394 776 2433; x_wconf 91' lang='lat' dir='ltr'>Domini</span> <span class='ocrx_word' id='word_1_290' title='bbox 809 2393 965 2433; x_wconf 72' lang='lat' dir='ltr'>m⁰cc⁰l⁰</span> <span class='ocrx_word' id='word_1_291' title='bbox 998 2400 1139 2434; x_wconf 82' lang='lat' dir='ltr'>sexto,</span> <span class='ocrx_word' id='word_1_292' title='bbox 1205 2394 1254 2433; x_wconf 87' lang='lat' dir='ltr'>In</span> <span class='ocrx_word' id='word_1_293' title='bbox 1287 2393 1412 2445; x_wconf 90' lang='lat' dir='ltr'>cujus</span> <span class='ocrx_word' id='word_1_294' title='bbox 1445 2394 1503 2433; x_wconf 90' lang='lat' dir='ltr'>rei</span> <span class='ocrx_word' id='word_1_295' title='bbox 1537 2393 1839 2433; x_wconf 87' lang='lat' dir='ltr'>testimonium</span> 
     </span>
     <span class='ocr_line' id='line_1_33' title="bbox 176 2461 1836 2517; baseline -0.003 -13"><span class='ocrx_word' id='word_1_296' title='bbox 176 2464 366 2517; x_wconf 84' lang='lat' dir='ltr'>sigillum</span> <span class='ocrx_word' id='word_1_297' title='bbox 390 2470 588 2504; x_wconf 89' lang='lat' dir='ltr'>nostrum</span> <span class='ocrx_word' id='word_1_298' title='bbox 612 2463 887 2516; x_wconf 87' lang='lat' dir='ltr'>presentibus</span> <span class='ocrx_word' id='word_1_299' title='bbox 910 2462 1064 2503; x_wconf 90' lang='lat' dir='ltr'>litteris</span> <span class='ocrx_word' id='word_1_300' title='bbox 1087 2462 1270 2502; x_wconf 84' lang='lat' dir='ltr'>fecimus</span> <span class='ocrx_word' id='word_1_301' title='bbox 1292 2463 1467 2516; x_wconf 89' lang='lat' dir='ltr'>apponi.</span> <span class='ocrx_word' id='word_1_302' title='bbox 1531 2463 1698 2503; x_wconf 88' lang='lat' dir='ltr'>Datum</span> <span class='ocrx_word' id='word_1_303' title='bbox 1721 2461 1836 2514; x_wconf 88' lang='lat' dir='ltr'>apud</span> 
     </span>
     <span class='ocr_line' id='line_1_34' title="bbox 177 2531 1840 2586; baseline -0.003 -12"><span class='ocrx_word' id='word_1_304' title='bbox 177 2534 371 2586; x_wconf 81' lang='lat' dir='ltr'>Sugwas,</span> <span class='ocrx_word' id='word_1_305' title='bbox 403 2533 474 2573; x_wconf 94' lang='lat' dir='ltr'>die</span> <span class='ocrx_word' id='word_1_306' title='bbox 504 2533 625 2585; x_wconf 88' lang='lat' dir='ltr'>Jovis</span> <span class='ocrx_word' id='word_1_307' title='bbox 658 2533 863 2585; x_wconf 87' lang='lat' dir='ltr'>proxima</span> <span class='ocrx_word' id='word_1_308' title='bbox 896 2538 995 2584; x_wconf 89' lang='lat' dir='ltr'>post</span> <span class='ocrx_word' id='word_1_309' title='bbox 1027 2531 1185 2571; x_wconf 88' lang='lat' dir='ltr'>festum</span> <span class='ocrx_word' id='word_1_310' title='bbox 1222 2532 1472 2584; x_wconf 84' lang='lat' dir='ltr'>Epiphanie</span> <span class='ocrx_word' id='word_1_311' title='bbox 1508 2531 1701 2579; x_wconf 87' lang='lat' dir='ltr'>Domini,</span> <span class='ocrx_word' id='word_1_312' title='bbox 1723 2543 1840 2569; x_wconf 86' lang='lat' dir='ltr'>anno</span> 
     </span>
     <span class='ocr_line' id='line_1_35' title="bbox 180 2601 1345 2655; baseline -0.003 -13"><span class='ocrx_word' id='word_1_313' title='bbox 180 2603 360 2643; x_wconf 91' lang='lat' dir='ltr'>Domini</span> <span class='ocrx_word' id='word_1_314' title='bbox 384 2601 508 2642; x_wconf 86' lang='lat' dir='ltr'>m⁰cc⁰</span> <span class='ocrx_word' id='word_1_315' title='bbox 530 2602 804 2655; x_wconf 82' lang='lat' dir='ltr'>octogesimo</span> <span class='ocrx_word' id='word_1_316' title='bbox 827 2601 1031 2641; x_wconf 80' lang='lat' dir='ltr'>secundo.</span> <span class='ocrx_word' id='word_1_317' title='bbox 1343 2605 1345 2607; x_wconf 76' lang='grc'><strong><em>’</em></strong></span> 
     </span>
    </p>
   </div>
   <div class='ocr_carea' id='block_1_3' title="bbox 178 2726 1838 3126">
    <p class='ocr_par' dir='ltr' id='par_1_3' title="bbox 179 2726 1838 2845">
     <span class='ocr_line' id='line_1_36' title="bbox 264 2726 455 2769; baseline -0.005 -11"><span class='ocrx_word' id='word_1_318' title='bbox 264 2726 342 2769; x_wconf 73' lang='grc' dir='ltr'>[Ρο.</span> <span class='ocrx_word' id='word_1_319' title='bbox 371 2728 455 2769; x_wconf 70' lang='grc' dir='ltr'>ιο7.]</span> 
     </span>
     <span class='ocr_line' id='line_1_37' title="bbox 179 2799 1838 2845; baseline -0.001 -11"><span class='ocrx_word' id='word_1_320' title='bbox 179 2801 321 2843; x_wconf 69' lang='lat' dir='ltr'>[Grani</span> <span class='ocrx_word' id='word_1_321' title='bbox 333 2802 379 2844; x_wconf 86' lang='lat' dir='ltr'>os</span> <span class='ocrx_word' id='word_1_322' title='bbox 388 2802 446 2834; x_wconf 63' lang='lat' dir='ltr'>tlte</span> <span class='ocrx_word' id='word_1_323' title='bbox 458 2802 656 2835; x_wconf 79' lang='lat' dir='ltr'>advowson</span> <span class='ocrx_word' id='word_1_324' title='bbox 673 2803 719 2845; x_wconf 86' lang='lat' dir='ltr'>os</span> <span class='ocrx_word' id='word_1_325' title='bbox 728 2802 761 2835; x_wconf 86' lang='grc' dir='ltr'><em>Α</em></span> <span class='ocrx_word' id='word_1_326' title='bbox 767 2802 896 2842; x_wconf 68' lang='lat' dir='ltr'>uellem,</span> <span class='ocrx_word' id='word_1_327' title='bbox 916 2802 1024 2841; x_wconf 65' lang='lat' dir='ltr'>Cltes,</span> <span class='ocrx_word' id='word_1_328' title='bbox 1038 2805 1073 2834; x_wconf 75' lang='lat' dir='ltr'>so</span> <span class='ocrx_word' id='word_1_329' title='bbox 1086 2801 1144 2834; x_wconf 74' lang='lat' dir='ltr'>llze</span> <span class='ocrx_word' id='word_1_330' title='bbox 1157 2801 1357 2834; x_wconf 71' lang='lat' dir='ltr'>Prioraud</span> <span class='ocrx_word' id='word_1_331' title='bbox 1370 2801 1537 2833; x_wconf 77' lang='lat' dir='ltr'>Convent</span> <span class='ocrx_word' id='word_1_332' title='bbox 1550 2800 1595 2842; x_wconf 79' lang='lat' dir='ltr'>of</span> <span class='ocrx_word' id='word_1_333' title='bbox 1605 2800 1657 2833; x_wconf 76' lang='lat' dir='ltr'>St.</span> <span class='ocrx_word' id='word_1_334' title='bbox 1675 2799 1708 2831; x_wconf 84' lang='lat' dir='ltr'><em>T</em></span> <span class='ocrx_word' id='word_1_335' title='bbox 1704 2799 1838 2840; x_wconf 66' lang='lat' dir='ltr'>leemas,</span> 
     </span>
    </p>

    <p class='ocr_par' dir='ltr' id='par_1_4' title="bbox 178 2855 1838 3126">
     <span class='ocr_line' id='line_1_38' title="bbox 263 2855 454 2899; baseline 0 -11"><span class='ocrx_word' id='word_1_336' title='bbox 263 2855 454 2899; x_wconf 63' lang='lat' dir='ltr'>Slafforcl]</span> 
     </span>
     <span class='ocr_line' id='line_1_39' title="bbox 294 2932 1836 2976; baseline -0.003 0"><span class='ocrx_word' id='word_1_337' title='bbox 294 2934 546 2976; x_wconf 88' lang='lat' dir='ltr'>COLLATIO</span> <span class='ocrx_word' id='word_1_338' title='bbox 612 2945 981 2976; x_wconf 86' lang='lat' dir='ltr'>ADVOCATIONIS</span> <span class='ocrx_word' id='word_1_339' title='bbox 1050 2944 1281 2976; x_wconf 78' lang='lat' dir='ltr'><strong>ECCLESIE</strong></span> <span class='ocrx_word' id='word_1_340' title='bbox 1346 2943 1407 2972; x_wconf 86' lang='lat' dir='ltr'>DE</span> <span class='ocrx_word' id='word_1_341' title='bbox 1471 2932 1721 2971; x_wconf 73' lang='lat' dir='ltr'><strong>ADELYME</strong></span> <span class='ocrx_word' id='word_1_342' title='bbox 1785 2942 1836 2972; x_wconf 90' lang='lat' dir='ltr'>IN</span> 
     </span>
     <span class='ocr_line' id='line_1_40' title="bbox 180 3001 1836 3054; baseline -0.001 -10"><span class='ocrx_word' id='word_1_343' title='bbox 180 3004 444 3045; x_wconf 84' lang='lat' dir='ltr'><strong>COMITATU</strong></span> <span class='ocrx_word' id='word_1_344' title='bbox 480 3004 987 3046; x_wconf 84' lang='lat' dir='ltr'>CESTRIE.—Omnibus</span> <span class='ocrx_word' id='word_1_345' title='bbox 1011 3004 1172 3045; x_wconf 89' lang='lat' dir='ltr'>Christi</span> <span class='ocrx_word' id='word_1_346' title='bbox 1196 3002 1396 3042; x_wconf 88' lang='lat' dir='ltr'>fidelibus</span> <span class='ocrx_word' id='word_1_347' title='bbox 1424 3014 1600 3053; x_wconf 89' lang='lat' dir='ltr'>presens</span> <span class='ocrx_word' id='word_1_348' title='bbox 1626 3001 1836 3054; x_wconf 88' lang='lat' dir='ltr'>scriptum</span> 
     </span>
     <span class='ocr_line' id='line_1_41' title="bbox 178 3067 1838 3126; baseline -0.003 -13"><span class='ocrx_word' id='word_1_349' title='bbox 178 3073 332 3113; x_wconf 88' lang='lat' dir='ltr'>visuris</span> <span class='ocrx_word' id='word_1_350' title='bbox 353 3070 420 3113; x_wconf 88' lang='lat' dir='ltr'>vel</span> <span class='ocrx_word' id='word_1_351' title='bbox 452 3074 676 3122; x_wconf 89' lang='lat' dir='ltr'>audituris,</span> <span class='ocrx_word' id='word_1_352' title='bbox 705 3067 836 3113; x_wconf 85' lang='lat' dir='ltr'>frater</span> <span class='ocrx_word' id='word_1_353' title='bbox 863 3074 1086 3126; x_wconf 87' lang='lat' dir='ltr'>Johannes</span> <span class='ocrx_word' id='word_1_354' title='bbox 1117 3069 1578 3125; x_wconf 85' lang='lat' dir='ltr'>permissione-divina</span> <span class='ocrx_word' id='word_1_355' title='bbox 1611 3069 1838 3109; x_wconf 85' lang='lat' dir='ltr'>Cantuari-</span> 
     </span>
    </p>
   </div>
   <div class='ocr_carea' id='block_1_4' title="bbox 177 3139 1835 3246">
    <p class='ocr_par' dir='ltr' id='par_1_5' title="bbox 177 3139 1835 3246">
     <span class='ocr_line' id='line_1_42' title="bbox 177 3139 1835 3194; baseline -0.003 -13"><span class='ocrx_word' id='word_1_356' title='bbox 177 3142 293 3181; x_wconf 90' lang='lat' dir='ltr'>ensis</span> <span class='ocrx_word' id='word_1_357' title='bbox 327 3141 692 3194; x_wconf 76' lang='lat' dir='ltr'>archiepiscopUS‚</span> <span class='ocrx_word' id='word_1_358' title='bbox 729 3143 863 3181; x_wconf 89' lang='lat' dir='ltr'>totius</span> <span class='ocrx_word' id='word_1_359' title='bbox 900 3142 1062 3194; x_wconf 78' lang='lat' dir='ltr'>Anglie</span> <span class='ocrx_word' id='word_1_360' title='bbox 1101 3141 1274 3193; x_wconf 86' lang='lat' dir='ltr'>primas,</span> <span class='ocrx_word' id='word_1_361' title='bbox 1307 3139 1492 3178; x_wconf 89' lang='lat' dir='ltr'>salutem</span> <span class='ocrx_word' id='word_1_362' title='bbox 1527 3147 1570 3177; x_wconf 91' lang='lat' dir='ltr'>et</span> <span class='ocrx_word' id='word_1_363' title='bbox 1606 3151 1758 3189; x_wconf 90' lang='lat' dir='ltr'>pacem</span> <span class='ocrx_word' id='word_1_364' title='bbox 1794 3139 1835 3177; x_wconf 86' lang='lat' dir='ltr'>in</span> 
     </span>
     <span class='ocr_line' id='line_1_43' title="bbox 263 3216 1751 3246; baseline -0.004 -1"><span class='ocrx_word' id='word_1_365' title='bbox 263 3221 594 3246; x_wconf 75' lang='lat' dir='ltr'><strong>CANTERBURY-L</strong></span> <span class='ocrx_word' id='word_1_366' title='bbox 1045 3216 1048 3219; x_wconf 85' lang='grc'><strong>’</strong></span> <span class='ocrx_word' id='word_1_367' title='bbox 1728 3217 1751 3239; x_wconf 90' lang='lat' dir='ltr'>O</span> 
     </span>
    </p>
   </div>
  </div>
 </body>
</html>
