2023 3453
151 183 173 212 2
184 180 244 227 34
584 163 873 230 Regz'strzcm
887 162 1144 230 sollemnis
1168 161 1383 212 Pallam
1538 161 1654 228 [A.D.
1692 182 1706 211 1
1722 165 1814 211 286

1100 324 1385 365 Theobaldus
1410 324 1723 366 Underdoune.

1100 393 1344 433 Nicholaus
1366 394 1421 433 de
1444 393 1667 446 Pedynge.

1100 462 1327 514 Johannes
1349 462 1404 502 de
1428 463 1635 502 Boctone.

1100 531 1322 571 Gerardus
1350 531 1405 571 de
1435 531 1633 580 Cambio‚
1656 531 1819 572 Cantu-

983 600 1071 638 arie
1093 599 1149 639 de
1171 599 1349 652 speciali
1374 599 1586 639 mandato
1608 600 1788 640 domini.

260 327 486 379 Johannes
509 326 564 366 de
591 326 751 366 Hothe.

261 396 458 435 Thomas
481 394 536 435 (16
561 394 865 447 Maydestane.

264 463 479 504 Ricardus
502 463 556 503 de
584 463 742 503 Hethe.

263 532 483 572 Robertus
506 538 597 571 atte
621 531 828 572 Cherche.

259 601 484 653 Johannes
507 599 562 639 de
586 599 750 652 Staple.

174 720 384 760 ACOLITI
417 727 727 759 PRESENTATI
755 727 848 757 PER
876 727 1303 758 ARCHIDIACONUM
1336 718 1789 760 CANTUARIENSEM.

263 804 481 843 Henricus
504 802 559 842 (16
584 802 842 855 Bobbynge.

262 873 481 912 Robertus
504 871 560 912 de
585 871 852 912 Natindone.
983 872 1088 924 ejus.

262 942 412 981 Hamo
436 941 606 981 Karlot.

258 1011 484 1063 Johannes
509 1010 669 1051 Storm.

1097 803 1324 855 Johannes
1351 803 1406 844 de
1437 804 1666 857 Snergate‚
1688 804 1820 844 frater

1102 941 1318 982 Ricardus
1342 941 1455 982 filius
1485 942 1682 982 Fullonis
1706 942 1819 983 Can-

983 1018 1133 1051 tuarie.

258 1080 484 1132 Johannes
507 1079 563 1119 de
590 1079 876 1132 Hakyntone.

258 1148 485 1201 Johannes
511 1148 665 1188 Lamb.

259 1217 485 1270 Johannes
508 1216 562 1257 de
587 1218 790 1270 Burgate.

261 1285 477 1326 Ricardus
501 1286 555 1326 de
581 1286 868 1327 Littleburne.

260 1355 509 1395 Willelmus
532 1355 587 1395 de
611 1355 777 1397 Sancto
802 1356 942 1396 Petro.

260 1425 509 1465 Willelmus
534 1425 681 1477 Barry.

259 1493 485 1546 johannes
509 1494 734 1535 Salomon.

263 1562 509 1602 Willelmus
532 1562 586 1602 (16
610 1562 708 1615 Wy.

261 1631 458 1671 Thomas
480 1631 536 1671 de
558 1632 658 1684 Wy.

261 1700 485 1741 Galfridus
508 1701 563 1741 de
587 1700 803 1754 Coulyng.

263 1769 487 1810 Gilbertus
514 1770 568 1809 (16
592 1770 981 1810 VValdwarschare.

263 1840 417 1879 Petrus
440 1839 495 1879 de
520 1839 676 1879 Burne.

263 1908 502 1948 Mauricius
525 1908 580 1948 de
605 1908 885 1949 Bakechilde.

264 1977 484 2017 Henricus
507 1978 562 2018 de
587 1977 802 2018 Renham.

261 2047 484 2088 Walterus
507 2047 562 2087 de
586 2047 752 2088 Sancto
777 2047 979 2100 Georgio.

263 2117 416 2156 Petrus
439 2116 495 2157 (16
519 2118 704 2157 Bourne.

262 2186 416 2226 Petrus
441 2185 583 2226 Abbe.

263 2257 417 2295 Petrus
441 2256 495 2296 de
518 2256 749 2308 Wycham.

261 2325 459 2365 Thomas
482 2325 537 2365 de
560 2325 746 2365 Teldon.

263 2393 477 2447 Magister
510 2394 735 2446 Johannes
773 2394 828 2434 de
866 2394 983 2435 Aula

145 2461 356 2501 oriundus
388 2461 443 2502 de
478 2463 719 2515 Devynton
752 2463 983 2503 actualiter

146 2545 313 2584 regens.

264 2600 479 2640 Ricardus
503 2601 707 2642 Packere.

262 2669 512 2710 VVillelmus
534 2671 589 2711 de
613 2671 840 2724 Snergate.

1101 1081 1318 1121 Ricardus
1340 1080 1396 1121 de
1421 1081 1661 1123 Adesham.

1101 1149 1351 1190 Willelmus
1374 1149 1429 1190 de
1453 1151 1694 1192 Chileham.

1103 1218 1324 1259 Robertus
1346 1218 1401 1259 de
1424 1219 1619 1272 Sellyng.

1100 1288 1323 1328 Walterus
1346 1288 1402 1328 de
1428 1289 1745 1342 Hornesclyve.

1099 1357 1297 1397 Thomas
1320 1357 1375 1397 de
1400 1358 1618 1411 Rypariis.

1100 1427 1363 1467 Laurentius
1386 1427 1441 1467 de
1466 1428 1709 1468 Londonia.

1101 1496 1321 1536 Henricus
1335 1496 1391 1536 de
1407 1496 1572 1538 Sancta
1589 1497 1819 1538 Mildreda.

1098 1564 1325 1616 Johannes
1348 1564 1403 1605 de
1427 1565 1524 1605 Bix.

1102 1633 1351 1673 Willelmus
1366 1633 1421 1674 de
1441 1635 1597 1676 Castro
1616 1636 1820 1676 Dovorie.

1102 1703 1317 1743 Ricardus
1341 1703 1396 1743 de
1420 1703 1654 1758 Cretynge.

1103 1771 1327 1811 Aluredus
1351 1772 1406 1812 de
1430 1773 1597 1814 Sancto
1622 1775 1761 1815 Petro.

1100 1841 1326 1893 Johannes
1349 1842 1404 1882 de
1429 1843 1758 1885 Frithindenne.

1103 1910 1357 1963 Stephanus
1381 1911 1599 1953 Godman.

1105 1980 1306 2032 Rogerus
1329 1981 1549 2034 Treygod.

1099 2048 1326 2100 Johannes
1349 2049 1405 2090 de
1429 2050 1681 2092 Chertham.

1100 2118 1327 2170 Johannes
1353 2120 1531 2160 Monde.

1099 2187 1326 2240 Johannes
1349 2188 1405 2229 de
1429 2189 1596 2230 Sancto
1620 2191 1761 2231 Petro.

1100 2257 1328 2309 Johannes
1350 2258 1406 2299 de
1429 2259 1634 2300 Firmare.

1102 2327 1324 2368 Robertus
1347 2328 1401 2368 de
1425 2328 1772 2382 &Vednesbergh

1102 2395 1300 2436 Thomas
1322 2396 1377 2437 de
1402 2398 1632 2451 Everinge.

1106 2464 1351 2505 Willelmus
1374 2465 1429 2506 de
1452 2466 1781 2519 Scheldwyche.

1101 2533 1310 2574 Alfredus
1334 2534 1389 2575 de
1414 2535 1581 2576 Cantia.

1102 2604 1324 2644 Robertus
1346 2604 1402 2644 de
1426 2604 1771 2657 Wednesbergh.

1102 2673 1318 2713 Ricardus
1341 2673 1396 2714 de
1422 2674 1582 2715 Haute.

825 2774 1150 2816 SUBDIAcoNI.

264 2859 462 2899 Thomas
487 2859 608 2912 Byle,
631 2859 687 2900 ad
712 2860 891 2900 titulum
917 2862 1169 2914 patrimonii
1192 2864 1269 2902 sui.

263 2928 500 2981 Gregorius
529 2928 585 2969 de
618 2929 834 2982 Slyndon‚
867 2930 922 2970 ad
961 2930 1137 2970 titulum
1173 2937 1216 2971 et
1252 2933 1626 2984 presentationem
1663 2933 1819 2973 decani

150 2997 463 3049 Cycestrensis.

268 3066 465 3118 Philipus
507 3067 562 3106 de
607 3067 865 3119 Aylestone‚
902 3069 955 3108 ad
1000 3068 1178 3108 titulum
1222 3070 1419 3122 magistri
1466 3070 1521 3110 H.
1560 3070 1708 3117 Lovel,
1743 3084 1822 3123 per

150 3135 315 3175 litteras
337 3136 608 3176 dimissorias
631 3138 828 3190 episcopi
854 3138 1186 3179 Lincolniensis.
