2023 3453
196 184 284 227 140
590 170 881 234 Regz'slrum
904 171 954 235 J
955 170 1161 218 ohannis
1198 170 1410 219 Peclzam
1583 171 1700 236 [AD.
1740 187 1862 232 1279

189 331 381 371 minutas
413 331 607 372 decimas
650 346 735 385 qne
780 339 1072 385 pervenerunt
1114 347 1172 373 ex
1215 333 1371 373 eadem
1414 333 1587 381 vicaria,
1628 348 1767 386 usque
1809 333 1864 373 ad

188 406 363 453 tempus
392 414 468 440 sue
497 401 766 454 privationis,
788 401 991 441 deductis
1020 401 1235 454 stipendis
1259 401 1475 455 capellani
1507 402 1794 442 ministraturi
1824 402 1867 441 in

187 468 356 517 eadem,
390 483 527 521 usque
565 469 617 509 ad
659 470 819 510 festum
860 470 1012 511 Sancti
1053 471 1296 519 Michaelis,
1330 471 1505 524 proviso
1539 471 1717 524 insuper
1748 470 1866 523 quod

187 537 360 578 decima
382 537 532 578 debita
555 539 597 578 in
622 538 868 578 subsidium
893 539 1027 579 Terre
1052 540 1216 581 Sancte
1241 554 1319 592 pro
1343 540 1569 580 retroactis
1593 539 1869 592 temporibus

187 612 231 646 et
285 606 489 659 precipue
530 607 633 646 anni
677 608 832 660 quarti,
875 614 917 647 et
970 609 1072 648 anni
1127 609 1332 648 instantis
1374 609 1430 648 de
1472 608 1662 649 termino
1715 608 1868 649 Sancti

187 675 414 727 Johannis,
437 683 480 715 et
503 676 588 716 alia
610 690 695 729 que
729 677 923 717 futurum
948 678 1158 717 vicarium
1184 692 1366 718 onerare
1398 684 1617 730 poterunt,
1640 677 1869 717 solvantur

188 757 273 796 que
301 758 378 797 pro
411 759 490 784 suo
519 752 719 798 tempore
747 746 900 786 debuit
933 747 1179 799 agnovisse,
1203 747 1327 786 vobis
1363 746 1629 786 mandamus
1657 746 1867 799 quatinus

189 813 406 866 prefatum
433 814 677 854 Robertum
708 822 946 867 proventus
970 822 1013 855 et
1036 816 1231 855 decimas
1260 815 1528 867 hujusmodi,
1551 829 1638 855 non
1662 815 1868 855 obstante

187 889 416 934 sequestro
459 890 609 923 nostro
652 884 786 924 libere
830 884 1054 937 percipere
1103 884 1341 924 dimittatis
1393 885 1434 923 in
1488 884 1629 924 forma
1670 883 1870 937 superius

187 958 411 991 annotata.
477 952 644 992 Datum
668 952 786 1006 apud
811 953 1156 1006 Suthmallynge
1181 954 1242 993 xii
1266 953 1348 993 kal.
1374 953 1580 1006 Augusti,
1603 960 1682 993 etc.

188 1064 419 1108 [Absolutlon
436 1067 482 1109 of
492 1066 551 1099 llze
566 1066 680 1100 Prior
693 1067 738 1110 os
755 1067 888 1110 [Vara]
1833 1108 1835 1110 ¹

307 1133 597 1174 ABSOLUTIO
623 1135 824 1175 PmoRIs
855 1144 920 1174 DE
945 1134 1524 1175 WARs—Memorandum
1549 1133 1668 1186 quod
1693 1133 1718 1185 ij
1753 1134 1867 1173 Non.

189 1202 476 1255 Septembris,
508 1203 625 1256 apud
661 1203 881 1252 Otteford,
914 1204 1161 1256 comparuit
1204 1203 1336 1243 frater
1368 1203 1629 1251 XVillelmus,
1663 1203 1779 1255 prior
1811 1201 1867 1242 de

189 1271 332 1320 W'are‚
374 1286 522 1312 coram
565 1273 747 1312 domino
790 1272 1122 1326 archiepiscopo
1166 1280 1320 1325 petens
1363 1272 1588 1312 humiliter
1630 1271 1799 1311 absolvi
1843 1285 1868 1310 a

187 1342 407 1381 sententia
444 1343 923 1382 excommunicationis
965 1356 1051 1394 qua
1095 1341 1333 1382 innodatus
1375 1342 1527 1382 extitit
1570 1356 1646 1394 per
1688 1341 1865 1381 fratrem

189 1410 447 1459 Robertum,
470 1411 696 1464 quondam
722 1411 1086 1452 Cantuariensem
1111 1412 1505 1464 archiepiscopum,
1528 1410 1583 1450 ad
1608 1411 1865 1450 instantiam

187 1481 383 1532 magistri
417 1481 620 1520 Nicholai
649 1481 944 1521 archidiaconi
974 1480 1343 1529 Bedefordiensis,
1372 1487 1416 1520 et
1445 1479 1673 1519 absolutus
1700 1485 1794 1520 erat
1824 1479 1866 1518 in

188 1548 327 1588 forma
366 1549 486 1602 juris,
522 1557 724 1603 presente
766 1550 885 1590 dicto
928 1550 1239 1590 archidiacono
1281 1557 1324 1589 et
1368 1549 1684 1597 consentiente,
1728 1549 1868 1588 forma

186 1625 334 1658 autem
371 1620 615 1671 penitentie
652 1619 732 1659 sibi
770 1618 966 1671 injuncte
1001 1625 1067 1659 est
1105 1618 1229 1659 talis:
1263 1618 1479 1667 videlicet,
1516 1617 1635 1671 quod
1671 1617 1868 1670 qualibet

188 1687 293 1727 feria
335 1702 474 1741 usque
517 1689 572 1729 ad
616 1689 1004 1741 quadragesimam
1045 1687 1266 1740 jejunabit
1310 1688 1352 1727 in
1396 1702 1510 1740 pane
1552 1694 1596 1727 et
1635 1686 1866 1740 pulmento

186 1757 387 1810 simplici,
402 1765 445 1798 et
462 1759 633 1811 potabit
652 1758 880 1798 cervisiam
897 1764 1084 1806 tantum,
1099 1765 1142 1797 et
1161 1765 1312 1810 pascet
1328 1757 1485 1797 eodem
1502 1756 1573 1797 die
1589 1771 1619 1796 x
1637 1770 1864 1809 pauperes,

186 1833 229 1866 et
254 1826 370 1866 dicet
395 1827 416 1866 l.
443 1827 637 1879 psalmos
660 1826 816 1867 eodem
841 1826 911 1866 die
935 1826 1002 1866 vel
1036 1825 1108 1866 die
1130 1827 1343 1879 sequenti,
1366 1827 1400 1865 si
1425 1827 1520 1878 ipso
1543 1825 1613 1865 die
1637 1825 1764 1865 fuerit
1787 1825 1865 1864 im-

186 1895 372 1948 peditus.
438 1896 496 1936 Et
518 1895 672 1936 habuit
696 1895 887 1935 litteram
911 1894 1202 1934 absolutionis
1219 1894 1551 1935 denunciatorie
1573 1893 1836 1947 generalem.

187 2008 542 2052 [lr'eleasesorsolm
559 2009 602 2042 de
618 2009 719 2043 Sicca
743 2008 863 2052 Villa]

305 2078 748 2119 SICCAVILLA.--IX⁴’
782 2077 880 2117 Kal.
927 2077 1198 2125 Decembris,
1236 2076 1354 2130 apud
1400 2075 1605 2127 Berking,
1641 2075 1866 2115 emanavit

188 2147 333 2187 littera
361 2147 674 2187 archidiacono
705 2146 1005 2187 Londoniensi
1036 2145 1154 2198 quod
1184 2146 1354 2186 relaxet
1389 2151 1664 2198 sequestrum
1701 2144 1865 2184 factum

189 2217 230 2256 in
267 2216 394 2256 bonis
429 2217 625 2269 magistri
650 2215 868 2268 Johannis
895 2215 950 2255 de
987 2214 1231 2263 Siccavilla,
1262 2215 1439 2254 rectoris
1476 2214 1690 2255 Omnium
1730 2213 1866 2254 Sanc-

189 2293 333 2326 torum
379 2285 557 2338 majoris
611 2287 652 2325 in
697 2286 1001 2325 Tamesstrate
1046 2284 1393 2333 Londoniarum,
1436 2291 1672 2337 postquam
1715 2284 1772 2324 ab
1808 2298 1866 2341 eo
1923 2317 1926 2320 .

190 2355 401 2407 receperit
424 2355 675 2395 cautionem
702 2354 908 2394 idoneam
934 2354 989 2394 de
1013 2354 1338 2407 indempnitate
1360 2354 1527 2394 domini
1557 2352 1866 2401 archidiaconi,

189 2431 232 2464 et
274 2423 459 2463 aliorum
498 2437 683 2476 quorum
722 2424 915 2470 interest,
948 2429 992 2463 et
1029 2423 1147 2476 quod
1187 2422 1471 2476 respondebit
1508 2421 1774 2462 sufficienter
1810 2422 1865 2462 de

190 2492 316 2532 bonis
350 2493 556 2545 predictis
589 2493 793 2545 quotiens
827 2492 954 2532 fuerit
988 2493 1233 2545 requisitus,
1262 2501 1305 2533 et
1337 2491 1454 2545 quod
1492 2491 1699 2531 rescribat
1731 2504 1864 2544 quarn

190 2563 440 2603 cautionem
466 2563 678 2615 receperit
700 2562 756 2601 ab
778 2561 947 2602 eodem.

189 2674 373 2717 [Another
385 2676 518 2709 release
523 2676 597 2718 sor
609 2675 667 2708 tlte
682 2675 807 2718 samen]

308 2744 488 2784 Eisdem
527 2743 598 2784 die
635 2749 679 2783 et
716 2743 824 2791 loco,
858 2742 1176 2783 demandatum
1220 2742 1301 2782 fuit
1338 2742 1506 2782 decano
1539 2742 1594 2782 de
1630 2742 1863 2795 Osprenge

190 2812 309 2864 quod
343 2813 514 2853 relaxet
546 2818 822 2864 sequestrum
858 2811 1020 2851 factum
1056 2812 1097 2851 in
1132 2811 1259 2851 bonis
1292 2811 1488 2865 magistri
1521 2811 1736 2863 Johannis
1771 2825 1863 2863 pre-

188 2881 306 2931 dicti,
326 2882 367 2922 in
391 2882 575 2922 ecclesia
597 2881 652 2922 de
687 2881 996 2921 Badelesmere
1020 2880 1189 2921 relaxet
1216 2880 1311 2934 [sic]
1338 2887 1382 2920 et
1410 2880 1648 2920 denunciet
1676 2886 1863 2932 patrono

189 2950 401 3002 ejusdem,
437 2951 470 2990 si
507 2951 642 2991 lacius
681 2950 821 2998 fuerit,
858 2949 975 3002 quod
1021 2949 1130 2989 infra
1164 2956 1379 2989 statutum
1423 2963 1447 2989 a
1486 2948 1582 3001 jure
1624 2949 1860 2989 terminum

189 3033 422 3072 personam
469 3019 672 3060 idoneam
716 3018 771 3058 ad
820 3018 983 3058 dictam
1027 3018 1271 3066 ecclesiam,
1307 3031 1439 3070 quam
1494 3018 1609 3058 idem
1654 3018 1863 3070 magister

190 3089 438 3141 resignavit,
463 3095 695 3142 presentet,
719 3087 926 3140 alioquin,
943 3094 1021 3127 etc.
1079 3088 1136 3127 Et
1154 3087 1271 3139 quod
1295 3086 1504 3127 certificet
1529 3086 1640 3126 infra
1661 3099 1859 3126 mensem

189 3173 212 3198 a
235 3165 434 3211 tempore
459 3158 730 3211 receptionis.
