2023 3453
205 183 247 219 A.
256 180 301 218 D.
341 189 351 217 1
368 188 390 217 2
399 175 426 218 8
434 171 482 235 3]
640 164 693 218 A
702 165 1016 235 rclzszz‘scopi
1053 172 1095 219 C
1094 172 1442 219 antuarz'ensz's.
1776 184 1836 219 20
1848 181 1863 217 Ἰ

322 333 474 371 Frater
497 331 711 371 Ricardus
734 330 790 371 de
813 331 1028 376 Tenham,
1050 331 1287 371 canonicus
1311 330 1463 372 Sancti
1487 329 1696 382 Gregorii.

320 400 568 440 Willelmus
591 400 646 440 de
671 400 927 452 Fineberge,
950 414 1026 452 per
1057 399 1328 439 dimissorias
1350 399 1518 439 domini
1549 398 1870 451 Norwycensis,

205 468 258 508 ad
284 468 459 508 titulum
484 469 548 508 sui
574 469 838 521 patrimonii.

322 538 473 577 Frater
497 537 750 590 Stephanus
772 537 827 577 de
852 537 1166 583 Keveresham,
1189 536 1243 577 de
1266 536 1419 576 ordine
1443 536 1675 575 minorum.

321 605 423 646 Odo
446 605 500 646 de
525 606 814 654 Baldesdene,
837 606 1080 645 monachus
1106 606 1339 646 Lewensis.

322 675 474 714 Frater
497 676 698 728 Rogerus
721 674 776 715 de
801 674 1040 727 Kenigton.

322 742 586 783 Humfridus
609 743 664 783 de
687 742 931 784 Stanmere.
967 751 984 804 ]

321 812 492 864 Symon
515 811 570 851 de
595 811 729 852 Cliva.
970 806 993 864 J

290 883 367 926 [Fo.
396 884 509 924 108b.]

323 943 605 997 Indulgentia
656 945 696 984 in
741 945 906 984 honore
958 943 1086 983 beate
1128 943 1334 995 Virginis.
1408 941 1588 995 [Regc'sl.
1642 941 1781 993 Epist.
1823 940 1869 994 s.

203 1013 430 1059 merebam,
453 1013 496 1062 ii,
515 1013 633 1066 580]

1020 791 1095 829 per
1116 777 1333 817 decanum
1357 775 1412 815 de
1436 774 1748 827 Suthmalling.

203 1112 363 1156 [Lz'cence
380 1115 413 1145 lo
429 1122 491 1145 use
507 1112 565 1145 [lae
581 1115 751 1155 cemelery
766 1112 812 1154 os
821 1112 880 1145 tlte
896 1111 1024 1154 cllczpel
1038 1114 1078 1143 a!
1100 1111 1284 1154 Rc'lcgmer
1294 1110 1367 1153 sor
1387 1110 1510 1143 bem-ml
1531 1110 1640 1143 when
1656 1120 1769 1143 czccess
1785 1113 1819 1143 to
1836 1110 1873 1143 S.

289 1168 458 1211 Malla'ug
478 1167 508 1200 C
507 1167 621 1201 lmrclz
638 1168 670 1200 is
686 1166 918 1210 impossible]

321 1231 498 1270 FORMA
541 1238 897 1270 DEDICATIONIS
940 1228 1169 1269 CAPELLE
1202 1238 1267 1267 DE
1308 1228 1874 1268 RINoME1<E.—Noverint

203 1298 390 1339 universi
439 1299 599 1339 Christi
649 1297 799 1338 fideles
842 1297 960 1350 quod
1004 1311 1095 1345 nos,
1138 1296 1270 1337 frater
1311 1297 1548 1349 Johannes,
1591 1297 1873 1337 miseratione

202 1367 352 1407 divina
371 1367 702 1408 Cantuariensis
724 1366 907 1407 ecclesie
931 1367 1130 1406 minister
1152 1366 1342 1415 humilis,
1358 1366 1494 1405 totius
1514 1365 1677 1418 Anglie
1700 1366 1874 1418 primas,

202 1437 531 1476 communicato
557 1436 741 1476 consilio
774 1468 781 1475 .
814 1469 821 1475 .
855 1435 1011 1476 decani
1036 1442 1080 1476 et
1102 1435 1414 1475 canonicorum
1443 1434 1624 1475 ecclesie
1649 1435 1873 1476 Suthmal-

203 1506 424 1559 lingensis‚
457 1505 754 1546 concessimus
788 1505 955 1558 capelle
987 1504 1042 1545 de
1076 1505 1317 1557 Ringmere
1349 1504 1467 1557 quod
1510 1518 1609 1544 cum
1643 1506 1876 1558 contigerit

203 1581 402 1627 tempore
425 1574 617 1623 hiemali,
641 1588 778 1628 prope
811 1574 1125 1614 inundationes
1158 1587 1373 1626 aquarum
1407 1580 1483 1613 aut
1516 1574 1651 1613 nimie
1683 1580 1874 1627 tempes-

204 1644 306 1683 tatis
339 1650 559 1693 eventum,
591 1657 774 1696 corpora
810 1643 1176 1696 parochianorum
1212 1642 1521 1682 decedentium
1558 1642 1675 1683 dicte
1707 1643 1874 1696 capelle

204 1711 259 1752 ad
296 1713 522 1752 matricem
566 1713 795 1753 ecclesiam
842 1713 1297 1766 Suthmallingensem
1336 1711 1573 1751 commode
1615 1725 1702 1752 non
1746 1727 1874 1766 posse

205 1781 380 1834 portari,
414 1782 456 1821 in
499 1782 724 1822 cimeterio
766 1782 883 1822 dicte
920 1782 1087 1835 capelle
1125 1781 1348 1834 sepulture
1380 1780 1636 1830 tradantur;
1681 1781 1875 1834 predicte

205 1851 399 1891 matricis
431 1851 625 1901 ecclesie,
658 1852 726 1891 cui
765 1865 842 1904 per
873 1851 1204 1891 concessionem
1248 1849 1503 1902 hujusmodi
1547 1850 1589 1889 in
1624 1850 1745 1890 nullo
1781 1865 1874 1904 pre-

201 1919 399 1972 judicare
450 1920 733 1968 intendimus,
775 1927 867 1960 tam
910 1921 953 1960 in
1007 1920 1255 1961 mortuariis
1306 1933 1438 1971 quam
1492 1919 1789 1960 oblationibus
1831 1927 1876 1961 et

204 1988 555 2038 obventionibus,
578 1996 622 2029 et
644 1989 739 2029 aliis
762 1989 1097 2042 quibuscunque
1120 1989 1162 2028 in
1181 1987 1387 2028 omnibus
1407 1986 1502 2039 jure
1525 1987 1656 2027 salvo.
1723 1989 1874 2029 Liceat

204 2057 336 2097 etiam
389 2058 551 2098 vicario
603 2058 720 2098 dicte
771 2058 949 2111 capelle,
1001 2058 1074 2111 qui
1128 2071 1206 2110 pro
1257 2064 1457 2109 tempore
1508 2056 1647 2106 fuerit,
1699 2057 1873 2110 publice

206 2126 508 2167 mendicantes
532 2140 611 2167 nec
644 2127 857 2167 habentes
890 2126 1006 2167 unde
1039 2126 1093 2167 ad
1129 2126 1355 2166 matricem
1388 2125 1618 2165 ecclesiam
1642 2140 1687 2167 se
1711 2127 1872 2180 portari

205 2208 304 2235 cum
323 2195 366 2235 in
386 2195 476 2236 fata
493 2195 772 2244 decesserint,
791 2197 832 2236 in
852 2195 971 2236 dicto
989 2196 1171 2249 sepelire
1189 2194 1416 2243 cimiterio,
1433 2208 1532 2234 cum
1552 2194 1874 2248 indempnitate

205 2270 354 2304 tamen
373 2271 420 2304 ut
439 2265 714 2317 prediximus
734 2266 927 2305 matricis
946 2266 1127 2305 ecclesie
1145 2263 1406 2317 supradicte.
1452 2264 1515 2304 Ut
1532 2271 1680 2304 autem
1704 2265 1873 2318 prefata

206 2333 429 2385 sepulture
462 2335 687 2374 concessio
722 2334 1030 2375 inviolabiliter
1067 2335 1108 2373 in
1144 2334 1384 2386 prescripta
1416 2333 1557 2373 forma
1591 2340 1797 2383 servetur,
1829 2341 1873 2375 et

207 2409 449 2443 memorate
481 2404 649 2445 matrici
683 2404 866 2444 ecclesie
898 2404 1053 2443 futuris
1085 2402 1358 2455 temporibus
1393 2402 1435 2441 in
1471 2401 1591 2441 nullo
1625 2402 1873 2456 dampnosa

206 2478 282 2511 aut
305 2471 600 2524 prejudicialis
622 2473 800 2521 existat,
823 2473 1040 2521 volumuS,
1062 2479 1105 2512 et
1128 2472 1209 2511 sub
1235 2485 1350 2524 pena
1381 2471 1595 2510 canonica
1617 2471 1873 2512 ordinamus

206 2540 324 2593 quod
357 2541 554 2590 vicarius,
578 2542 651 2594 qui
685 2542 727 2581 in
760 2541 879 2582 dicta
913 2541 1082 2595 capella
1116 2555 1194 2594 pro
1227 2547 1427 2593 tempore
1462 2539 1601 2587 fuerit,
1637 2554 1714 2593 pro
1751 2555 1797 2581 se
1829 2547 1873 2581 et

207 2609 436 2662 capellano
459 2624 549 2659 suo,
573 2611 606 2650 si
630 2624 762 2663 quem
786 2624 885 2650 eum
910 2610 1070 2650 habere
1092 2610 1158 2650 ve]
1183 2609 1289 2649 alias
1320 2609 1362 2648 in
1386 2609 1504 2648 dicta
1529 2609 1698 2662 capella
1724 2609 1873 2650 divina

207 2678 426 2718 celebrare
458 2679 692 2732 contigerit
719 2679 977 2731 juratoriam
1008 2679 1219 2720 exhibeat
1246 2678 1514 2726 caucionem,
1537 2677 1655 2730 quod
1680 2692 1767 2719 non
1790 2680 1871 2719 nisi

208 2746 289 2786 sub
312 2747 444 2787 modo
466 2754 509 2788 et
533 2748 673 2788 forma
696 2748 917 2801 predictiS,
940 2748 1021 2788 nisi
1052 2747 1269 2788 dictorum
1304 2747 1459 2787 decani
1487 2753 1531 2787 et
1561 2747 1871 2787 canonicorum

209 2816 346 2868 petita
380 2816 572 2866 licencia,
609 2818 854 2870 aliquorum
894 2818 1075 2871 sepeliet
1112 2831 1296 2870 corpora
1332 2816 1641 2856 defunctorum
1677 2823 1721 2856 et
1754 2816 1872 2869 quod

210 2886 451 2938 predictam
501 2887 726 2927 matricem
779 2888 1008 2928 ecclesiam
1062 2888 1230 2927 illesam
1274 2887 1316 2926 in
1360 2886 1565 2926 omnibus
1606 2893 1650 2926 et
1691 2886 1873 2940 singulis

210 2955 495 2995 conservabit.
562 2956 611 2995 In
655 2957 713 2996 rei
757 2971 859 2997 vero
902 2957 961 2997 sic
995 2963 1118 3009 geste
1157 2955 1288 2995 fidem
1326 2962 1369 2995 et
1407 2955 1709 2995 testimonium
1744 2955 1873 3008 sigilli

211 3024 346 3063 nostri
380 3021 622 3064 munimine
655 3032 878 3077 presentes
901 3026 1082 3066 fecimus
1114 3023 1386 3064 communiri.
1450 3023 1617 3063 Datum
1649 3030 1693 3063 et
1727 3029 1873 3064 actum

213 3091 523 3145 Suthmalling’
546 3092 573 3144 ij
599 3106 685 3132 non
718 3094 821 3145 Julii
854 3108 970 3134 anno
1002 3094 1141 3147 gratie
1174 3091 1498 3144 m⁰cc⁰1xxxiij⁰‚
1520 3098 1563 3131 et
1585 3090 1874 3132 ordinationis

211 3166 359 3201 nostre
382 3161 548 3213 quinto.
