2023 3453
164 204 207 234 A.
216 204 261 235 D.
298 205 312 234 1
327 204 350 235 2
359 187 443 251 83]
604 189 654 235 A
664 188 976 251 rclzz'epz'scopz'
1012 188 1399 236 cantuariensis.
1743 204 1834 248 209

283 357 475 411 Jacobus
516 357 571 398 de
611 358 773 408 Viscia,
815 365 956 399 rector
996 359 1051 400 de
1096 359 1292 412 Heydun
1337 359 1487 400 Sancti
1531 358 1722 407 Andree,
1760 372 1834 411 per

170 426 450 467 dimissorias.

284 495 532 535 Willelmus
554 495 610 536 de
633 495 936 537 Scothundon.

286 564 486 616 Rogerus
508 564 564 604 de
589 565 887 617 Myldenhale.

285 633 481 673 Thomas
504 633 559 673 de
583 634 813 674 Beninton.

285 701 547 755 Radulphus
570 702 625 742 de
652 703 821 743 Isefeld.

282 771 507 823 Johannes
530 771 584 811 de
609 771 773 813 Sancto
798 771 1042 812 Leonardo.

284 840 515 893 Salvagius
538 840 592 880 de
617 841 855 890 Florencia,
878 848 1017 881 rector
1039 841 1094 882 de
1117 842 1443 891 Westanestou,
1467 855 1542 894 per
1564 841 1833 882 dimissorias

171 908 502 949 Lincolniensis.

287 977 505 1017 Henricus
537 977 593 1017 de
620 977 787 1030 Sporle,
811 984 953 1018 rector
974 978 1028 1019 (16
1051 978 1280 1027 Waldene,
1303 978 1604 1032 Cycestrensis
1636 979 1832 1019 diocesis.

480 1093 606 1132 ITEM
641 1102 859 1134 DIACONI.
924 1094 998 1133 DE
1031 1103 1223 1134 ORDINE
1260 1094 1525 1135 MINORUM.

284 1178 437 1218 Frater
457 1178 682 1230 Johannes
705 1178 760 1218 de
786 1179 941 1219 Monte
960 1179 1120 1219 Acuto.

285 1246 501 1286 Ricardus
523 1246 579 1287 de
598 1247 736 1288 Flore.

285 1314 500 1355 Ricardus
524 1315 684 1357 Oliver.

850 1375 1158 1415 PRESBITERI.

284 1454 485 1506 Rogerus
510 1454 658 1503 Bourt,
681 1461 822 1494 rector
843 1455 898 1495 de
924 1455 1167 1507 Hareghes.

286 1522 421 1576 Hugo
444 1522 499 1563 de
524 1522 840 1563 Burencestria.

284 1591 498 1631 Ricardus
521 1591 577 1632 de
601 1592 840 1642 Davinton,
863 1598 1004 1633 rector
1024 1592 1207 1633 ecclesie
1229 1593 1284 1633 de
1308 1593 1517 1634 Forwich.

282 1660 479 1700 Thomas
501 1660 557 1701 de
580 1660 746 1702 Sancto
771 1661 908 1701 Paulo
932 1662 1178 1703 Cantuarie.

283 1728 549 1769 Edmundus
571 1729 626 1769 de
651 1730 860 1783 Brugges.

281 1797 487 1838 Clemens
509 1797 565 1839 de
588 1798 709 1839 Esse.

282 1867 436 1908 Simon
460 1867 515 1907 de
539 1867 780 1920 Bobbinge.

283 1936 531 1976 VVillelmus
563 1936 618 1976 de
652 1937 908 1990 Eilesbyria.

283 2004 524 2044 Nicholaus
547 2004 602 2045 de
624 2005 878 2054 Chertham‚
901 2005 955 2045 ad
979 2006 1156 2046 titulum
1181 2007 1444 2059 patrimonii.

282 2073 547 2114 Godefridus
572 2074 762 2114 Morant.

282 2141 543 2194 Radulphus
566 2141 621 2181 de
644 2141 840 2195 Chenny.

278 2210 504 2263 Johannes
526 2210 582 2250 de
605 2209 890 2260 Gloucestria,
914 2218 1055 2251 rector
1076 2211 1131 2251 de
1156 2211 1320 2252 Acrise.

480 2326 606 2365 ITEM
632 2326 929 2367 PRESBITERI
953 2336 1016 2366 DE
1039 2335 1232 2367 ORDINE
1259 2328 1524 2368 MINORUM.

283 2405 457 2445 Fratres
481 2405 702 2445 Walterus
724 2405 780 2446 de
804 2405 1090 2459 Marleberge.

281 2474 505 2526 Johannes
528 2472 584 2513 de
608 2473 841 2527 Romesey.

284 2542 502 2582 Henricus
525 2541 581 2582 de
604 2542 856 2583 Waledene.

280 2610 449 2651 Omnes
472 2611 586 2650 tituli
609 2611 964 2652 certificatorium
988 2612 1238 2652 officialium
1263 2619 1306 2653 et
1329 2614 1508 2654 nomina
1525 2615 1824 2656 ordinatorum

165 2686 394 2720 remanent
416 2681 459 2719 in
482 2680 667 2721 archivis
690 2680 869 2722 domini.

162 2792 391 2836 [Absoludon
407 2793 453 2835 of
461 2793 648 2833 Nz'clzolas,
667 2795 772 2827 vicar
785 2795 831 2837 of
838 2794 940 2834 Ross,
958 2798 1125 2828 executor
1136 2796 1182 2838 of
1191 2795 1250 2828 tlte
1265 2795 1350 2829 will
1361 2796 1407 2839 os
1424 2796 1554 2839 Henry
1570 2796 1613 2830 de
1628 2797 1825 2841 Hanekle]

164 2872 266 2911 PRo
305 2870 567 2911 MAGISTRO
603 2872 868 2913 NICHOLAo
900 2873 1115 2914 VICARIO
1149 2882 1382 2914 ECCLESIE
1415 2883 1479 2914 DE
1513 2875 1625 2924 Ros,
1660 2876 1824 2917 HERE-

278 2947 552 2980 FORDENSIS
575 2949 807 2990 DIOCESIS,
823 2950 1122 2982 EXECUTORE
1145 2951 1467 2982 TESTAMENTI
1490 2952 1740 2992 QUONDAM
1768 2945 1823 2986 H.

278 3006 334 3047 de
358 3007 621 3048 HAUEKLE.

278 3091 504 3132 Universis
536 3100 760 3145 presentes
792 3094 959 3134 litteras
992 3095 1263 3147 inspecturis,
1293 3096 1444 3135 Frater
1473 3096 1710 3148 JohanneS‚
1731 3105 1824 3148 etc.‚

162 3160 348 3199 salutem
380 3166 424 3199 et
446 3173 599 3212 pacem
633 3161 675 3200 in
706 3161 901 3201 Domino
932 3163 1260 3215 sempiternam.
1324 3163 1475 3216 Nuper
1498 3177 1577 3203 nos
1609 3179 1666 3204 ex
1694 3166 1824 3206 officii

243 3239 586 3265 CANTERBURY.—1.
833 3216 847 3220 '¹
1718 3245 1740 3269 P
