2023 3453
207 193 301 224 210
640 177 1198 241 Regz'strumsohannz's
1223 177 1435 224 Pecham
1604 176 1722 241 [A.D.
1751 180 1871 240 1283

229 277 292 284 ,—

204 338 340 378 nostri
373 337 523 378 debito
555 350 711 378 vocare
743 338 924 378 fecimus
956 351 1103 377 coram
1138 337 1277 383 nobi&
1300 337 1560 390 magistrum
1596 337 1874 388 Nicholaum,

206 407 412 447 vicarium
446 407 627 447 ecclesie
658 406 714 447 de
748 407 850 455 Ros
876 405 1214 446 Herefordensis
1251 405 1450 455 diocesis,
1483 406 1681 460 magistri
1726 406 1782 447 H.
1816 407 1871 447 de

208 476 422 525 Hauekle,
463 475 688 528 quondam
744 474 1082 515 Herefordensis
1122 481 1166 515 et
1220 474 1540 515 Lincolniensis
1592 474 1873 516 ecclesiarum

204 545 415 593 canonici,
457 550 753 593 executorem,
796 558 926 596 super
966 543 1350 584 administratione
1392 557 1470 583 sua
1511 544 1553 583 in
1597 544 1724 584 bonis
1766 544 1871 584 dicti

204 613 413 661 defuncti,
435 613 712 652 ratiocinium
744 611 872 652 fidele
899 626 949 652 ac
981 611 1111 652 finale
1133 619 1391 665 compotum
1420 611 1693 652 redditurum
1715 627 1722 661 ;
1756 626 1874 652 com-

205 688 386 735 parente
408 681 586 734 quidem
619 680 738 720 dicto
771 681 983 733 magistro
1016 680 1233 720 Nicholao
1265 681 1393 720 certis
1425 680 1480 720 ad
1504 680 1587 721 hoc
1609 680 1681 721 die
1712 688 1756 721 et
1778 681 1874 721 loco

204 752 284 791 sibi
308 750 554 804 assignatis,
576 763 723 789 coram
747 750 1058 789 commissariis
1082 750 1242 789 nostris
1275 749 1329 789 ad
1364 749 1445 789 hoc
1467 749 1716 803 specialiter
1737 750 1873 804 depu-

204 821 319 868 tatis,
336 825 593 872 compotum
618 819 708 859 sive
731 819 1006 859 ratiocinium
1031 832 1160 871 super
1183 832 1262 858 sua
1279 818 1662 859 administratione
1682 820 1724 858 in
1748 819 1875 860 bonis

204 889 308 929 dicti
350 888 559 937 defuncti,
601 901 686 940 que
728 887 782 927 ad
825 887 1025 941 ejusdem
1070 901 1226 927 manus
1267 887 1550 937 devenerant,
1593 888 1786 928 reddidit
1827 895 1870 929 et

203 958 406 1006 exsolvit,
458 963 637 1010 propter
687 956 806 1009 quod
858 957 963 997 dicti
1017 957 1305 996 commissarii
1357 955 1547 997 eundem
1613 957 1873 1010 magistrum

207 1026 471 1067 Nicholaum
495 1026 550 1066 de
573 1025 777 1066 omnibus
801 1040 877 1078 per
894 1026 1037 1078 ipsum
1062 1026 1248 1078 receptis
1270 1031 1314 1066 et
1336 1026 1546 1079 expensis
1569 1026 1611 1066 in
1635 1026 1716 1066 hac
1741 1032 1876 1079 parte,

204 1096 402 1135 allocatis
433 1095 472 1135 ei
495 1108 580 1147 que
612 1094 784 1135 fuerant
806 1094 1050 1143 allocanda,
1073 1095 1167 1135 vice
1198 1101 1242 1135 et
1264 1095 1528 1135 auctoritate
1551 1101 1700 1135 nostra
1732 1094 1875 1135 absol-

205 1171 386 1214 verunt;
418 1164 538 1204 salvo
571 1162 689 1217 quod
721 1163 777 1204 de
800 1164 953 1217 viginti
986 1164 1124 1204 tribus
1157 1163 1276 1203 libris
1309 1164 1621 1217 sterlingorum
1645 1163 1871 1217 quondam

205 1234 310 1274 dicti
333 1233 528 1274 defuncti
558 1233 601 1273 in
629 1233 900 1273 thesauraria
931 1233 1113 1274 ecclesie
1148 1232 1499 1282 Herefordensis,
1521 1246 1602 1286 pet:
1619 1232 1876 1273 collectores

206 1303 376 1343 decime
399 1303 440 1342 in
460 1301 704 1342 subsidium
723 1309 836 1342 terre
853 1309 1004 1342 sancte
1025 1316 1232 1342 concesse
1255 1309 1530 1355 sequestrato
1546 1302 1655 1354 (sic)
1673 1316 1752 1355 pro
1774 1301 1874 1342 loco

206 1380 250 1412 et
284 1379 482 1424 tempore
517 1371 782 1424 respondere
815 1377 1030 1421 teneatur,
1053 1377 1182 1424 prout
1215 1370 1271 1412 de
1299 1371 1395 1424 jure
1423 1372 1583 1424 poterit
1612 1378 1656 1411 et
1686 1370 1876 1411 debebit.

211 1441 303 1481 Nos
335 1447 496 1489 autem,
528 1440 645 1493 quod
680 1454 756 1493 per
786 1440 966 1481 eosdem
999 1441 1195 1493 compoti
1226 1441 1449 1481 auditores
1475 1447 1519 1481 et
1552 1440 1878 1480 commissarios

210 1516 383 1550 nostros
417 1516 564 1550 actum
598 1516 664 1550 est
696 1523 770 1550 seu
804 1509 1028 1550 decretum
1063 1510 1106 1549 in
1140 1510 1375 1562 premissis,
1408 1516 1550 1550 ratum
1584 1509 1797 1550 habentes
1835 1515 1879 1549 et

209 1578 396 1627 firmum,
439 1584 731 1619 memoratum
776 1579 1036 1631 magistrum
1082 1578 1348 1618 Nicholaum
1391 1579 1452 1618 sic
1495 1578 1747 1619 absolutum
1784 1591 1881 1618 esse

209 1648 345 1696 vobis,
368 1653 411 1687 et
433 1647 637 1687 omnibus
661 1661 846 1700 quorum
875 1648 1068 1697 interest,
1091 1653 1243 1687 tenore
1277 1647 1545 1700 presentium
1569 1646 1879 1700 significamus

214 1716 264 1756 In
297 1715 420 1768 cujus
444 1716 501 1755 rei
525 1716 826 1755 testimonium
860 1716 939 1755 has
973 1715 1139 1755 litteras
1166 1716 1247 1756 sibi
1266 1716 1565 1756 concessimus
1592 1716 1727 1756 nostri
1751 1715 1881 1768 sigilli

212 1785 455 1824 munimine
488 1784 725 1825 roboratas.
789 1785 956 1825 Datum
990 1784 1108 1838 apud
1143 1784 1470 1838 Suthmallinge
1502 1785 1578 1825 xvi
1612 1784 1693 1825 kal.
1727 1785 1881 1825 Marcii

212 1867 328 1893 anno
353 1854 533 1894 Domini
558 1854 880 1903 m⁰cc⁰lxxxiii⁰‚
903 1854 1194 1894 ordinationis
1220 1860 1369 1895 nostre
1392 1861 1533 1895 sexto.

213 1965 343 2009 [Mem.
361 1966 407 2009 of
416 1965 535 1998 letters
552 1965 598 2008 of
606 1965 733 1998 orders
743 1965 910 2008 granted
923 1968 958 1998 lo
965 1965 1069 2007 Jolm
1087 1965 1226 2009 Suom]

333 2033 672 2074 Memorandum
688 2033 807 2087 quod
830 2034 1057 2086 Johannes
1079 2034 1223 2075 dictus
1248 2034 1380 2075 Snow
1395 2034 1450 2074 de
1475 2034 1812 2086 Suthmallinge‚
1827 2034 1882 2073 ad

216 2103 587 2156 presentationem
611 2102 766 2143 decani
790 2103 1222 2156 Suthmallingensis,
1240 2104 1351 2156 petit
1373 2103 1540 2144 litteras
1562 2103 1882 2144 testimoniales

215 2171 380 2211 ordinis
402 2171 466 2210 sui
490 2170 546 2211 de
568 2171 721 2212 ordine
735 2171 996 2212 diaconatus
1018 2172 1240 2212 adomino
1263 2172 1439 2225 recepti,
1454 2171 1571 2224 apud
1597 2171 1882 2212 Cantuariam

215 2240 286 2280 die
314 2240 529 2281 Sabbathi
562 2247 750 2293 quatuor
776 2248 1040 2294 temporum,
1064 2240 1226 2281 mensis
1261 2240 1535 2294 Septembris
1562 2254 1679 2280 anno
1704 2229 1884 2281 Domini

217 2311 345 2348 m⁰cc⁰
376 2310 649 2362 octogesimo
687 2310 840 2363 primo,
872 2317 916 2350 et
952 2310 1243 2350 ordinationis
1279 2310 1449 2350 domini
1486 2309 1559 2361 iij⁰‚
1588 2315 1632 2350 et
1663 2309 1797 2350 etiam
1830 2309 1885 2349 de

216 2377 369 2417 ordine
422 2379 735 2431 presbiteratus
788 2380 951 2432 recepti
1003 2379 1059 2419 ab
1110 2378 1267 2419 eodem
1319 2379 1438 2432 apud
1492 2379 1773 2432 Kyngeston,
1814 2378 1884 2418 die

219 2446 434 2487 Sabbathi
464 2448 668 2500 proxima
691 2454 791 2500 post
814 2447 973 2488 festum
1000 2448 1163 2489 Sancte
1188 2448 1323 2488 Lucie
1345 2448 1535 2501 virginis,
1559 2461 1676 2487 anno
1708 2447 1882 2487 ordina-

217 2516 349 2555 tionis
371 2515 541 2555 domini
564 2515 733 2556 eodem.

303 2604 380 2647 [Fo.
403 2603 513 2647 111b.]

218 2659 454 2702 [Ordz'nalion
469 2662 510 2692 at
523 2659 753 2702 Sevenoaks]

220 2733 459 2774 ORDINES.
525 2733 736 2773 NOMINA
768 2742 1141 2774 ORDINATORUM
1174 2743 1308 2774 APUD
1342 2733 1617 2775 SAVENAKE
1651 2742 1736 2773 DIE
1771 2734 1887 2775 SAB-

335 2811 486 2841 BATHI
511 2810 749 2851 QUATUOR
781 2811 1061 2843 TEMPORUM
1092 2811 1145 2842 IN
1175 2812 1330 2842 PRIMA
1353 2811 1640 2843 SEPTIMANA
1662 2811 1887 2851 QUADRA-

336 2880 519 2911 GEsIME
542 2880 686 2911 ANNo
711 2880 775 2911 UT
798 2880 965 2912 SUPRA.

944 2946 1166 2986 ACOLITI.

335 3024 560 3077 Johannes
611 3024 666 3065 de
719 3025 885 3066 Sancto
939 3025 1051 3064 Lau-
1170 3025 1395 3078 Johannes
1418 3023 1785 3077 Chaumberleyn.

220 3094 371 3134 rentio.
1173 3094 1324 3134 Petrus
1347 3092 1402 3133 de
1425 3092 1688 3135 Sevenakes

338 3162 559 3203 Walterus
582 3162 637 3203 de
659 3162 1052 3204 Hathewoldennc,
1177 3162 1395 3204 Henricus
1417 3161 1472 3204 de
1496 3161 1758 3204 Sevenakes.
