2023 3453
208 194 308 231 A.D.
344 202 359 231 1
375 201 396 230 2
406 176 489 247 86]
661 185 713 230 Α
721 177 1038 246 rcbc'epz'scopz‘
1062 180 1103 230 C
1102 181 1452 230 antuarz'ensz's.
1775 198 1797 226 2
1807 192 1832 241 3
1842 195 1865 241 5

322 344 547 396 Johannes
569 343 624 383 de
649 343 889 396 Rysberge,
912 343 967 383 ad
990 342 1166 383 titulum
1192 341 1444 394 patrimonii
1468 341 1544 380 sui.

323 412 548 465 Johannes
569 411 625 451 de
648 411 902 464 Croyndon,
925 412 980 451 ad
1002 411 1180 451 titulum
1204 409 1457 463 patrimonii
1481 409 1557 448 sui.

325 480 590 520 Edmundus
612 480 667 520 de
692 481 943 533 Mepeham‚
961 486 1103 520 rector
1119 479 1300 519 ecclesie
1322 479 1377 519 de
1395 477 1641 526 Tunstalle‚
1661 477 1870 525 Norwyc-

206 549 323 589 ensis
345 549 545 598 diocesis,
569 563 644 602 per
665 549 947 589 dimissorias.

321 618 546 670 Johannes
570 617 625 658 de
649 618 985 670 Otteringdone,
1008 617 1063 657 ad
1087 617 1263 657 titulum
1288 615 1541 669 patrimonii
1564 615 1640 654 sui.

324 686 472 726 Adam
496 686 551 726 de
574 686 803 735 Romehal,
827 685 882 725 ad
906 686 1083 726 titulum
1108 685 1361 738 patrimonii
1385 684 1461 724 sui.

325 755 540 795 Ricardus
574 755 629 795 de
665 755 860 804 Smethe,
897 755 952 794 ad
994 755 1171 795 titulum
1213 761 1257 794 et
1295 753 1667 806 presentationem
1705 751 1873 791 domini

208 823 382 862 Thome
404 822 459 863 de
483 823 734 864 Chertham.

323 891 572 931 Willelmus
613 891 668 931 de
710 892 1031 944 Trumpenton‚
1069 897 1210 931 rector
1250 891 1306 931 de
1346 890 1572 930 Halstede.

326 960 403 999 Isti
442 966 543 999 sunt
585 959 841 999 subdiaconi
886 960 1049 1012 recepti
1088 974 1163 1012 per
1198 959 1441 1007 dominum,
1472 959 1544 1010 qui
1583 965 1684 997 sunt
1723 972 1875 1011 supra-

206 1028 368 1080 scripti,
390 1034 434 1068 et
456 1028 689 1081 subscripti
713 1028 971 1067 subdiaconi
995 1034 1097 1067 sunt
1121 1028 1285 1080 recepti
1307 1034 1350 1067 et
1374 1027 1613 1079 presentati
1638 1040 1714 1079 per
1737 1026 1874 1066 archi-

207 1097 455 1137 diaconum.

320 1165 546 1218 Johannes
572 1166 776 1206 Duraunt
799 1166 854 1206 de
877 1166 1016 1214 Cant’,
1039 1166 1092 1206 ad
1117 1166 1295 1205 titulum
1319 1164 1621 1204 sufficientem.

324 1234 589 1274 Edmundus
611 1234 666 1274 de
690 1235 949 1283 Newenton,
972 1234 1027 1274 ad
1052 1234 1227 1274 titulum
1254 1233 1507 1286 patrimonii
1531 1233 1607 1272 sui.

322 1303 539 1343 Ricardus
566 1303 621 1343 de
648 1303 688 1343 la
713 1303 809 1352 Bor,
833 1302 888 1343 ad
915 1303 1092 1343 titulum
1120 1309 1163 1343 et
1196 1302 1570 1355 presentationem
1603 1301 1762 1341 domus
1792 1302 1875 1341 Dei

206 1372 261 1413 de
286 1373 490 1413 Dovoria.

321 1441 546 1494 Johannes
568 1440 623 1481 de
648 1440 910 1494 Sandwyco‚
933 1441 986 1481 ad
1011 1441 1188 1481 titulum
1214 1440 1466 1493 patrimonii
1491 1440 1568 1479 sui.

324 1510 565 1551 Nicholaus
590 1511 765 1551 Plomer
786 1511 841 1551 de
865 1510 1071 1559 Dovoria,
1095 1510 1150 1550 ad
1173 1510 1350 1550 titulum
1376 1510 1628 1563 patrimonii
1653 1510 1729 1549 sui.

326 1580 544 1619 Henricus
567 1579 622 1619 de
646 1579 896 1620 Cantuaria.

323 1648 573 1688 Willelmus
599 1648 791 1701 Mausyn
816 1648 872 1688 de
897 1649 1103 1697 Dovoria,
1126 1647 1181 1687 ad
1205 1647 1381 1687 titulum
1407 1647 1660 1699 patrimonii
1685 1647 1761 1686 sui.

325 1717 474 1757 Hamo
497 1717 552 1757 de
577 1717 907 1766 Frithindenne,
930 1717 986 1757 ad
1009 1717 1187 1757 titulum
1211 1717 1463 1770 patrimonii
1488 1717 1563 1756 sui.

320 1786 546 1838 Johannes
568 1786 624 1827 de
645 1788 841 1835 Preston,
864 1787 919 1827 ad
943 1786 1119 1826 titulum
1144 1786 1398 1839 patrimonii
1421 1786 1499 1825 sui.

322 1855 572 1895 Willelmus
595 1855 650 1895 de
675 1855 955 1908 Davyntone,
977 1854 1032 1894 ad
1056 1854 1234 1895 titulum
1259 1855 1512 1907 patrimonii
1537 1854 1613 1893 sui.

323 1923 494 1977 Symon
517 1923 573 1963 de
597 1923 842 1971 Sandwico‚
866 1923 921 1963 ad
945 1923 1122 1963 titulum
1148 1923 1401 1976 patrimonii
1425 1923 1501 1963 sui.

321 1993 547 2046 Johannes
569 1992 625 2033 de
650 1993 968 2045 Hornesclyve,
991 1992 1046 2033 ad
1070 1993 1247 2032 titulum
1272 1993 1526 2046 patrimonii
1550 1993 1626 2031 sui.

321 2062 547 2114 Johannes
569 2061 624 2101 de
649 2061 814 2102 Sancto
839 2061 1042 2114 Georgio‚
1065 2061 1120 2101 ad
1145 2061 1321 2101 titulum
1346 2060 1647 2100 sufficientem.

326 2131 540 2184 Magister
562 2130 810 2170 Willelmus
833 2130 888 2171 de
912 2130 1048 2179 Bello,
1071 2130 1127 2170 ad
1160 2130 1337 2170 titulum
1367 2130 1550 2170 ecclesie
1583 2129 1638 2169 de
1670 2128 1876 2181 Kynges-

209 2199 336 2240 node.

327 2269 497 2322 Symon
520 2268 575 2308 de
601 2269 944 2318 Heriettesham,
967 2268 1022 2308 ad
1046 2268 1224 2308 titulum
1249 2268 1550 2308 sufficientem.

294 2379 372 2423 [Fo.
403 2381 490 2421 124]

605 2442 825 2482 DIACONI
859 2450 1068 2482 RECEPTI
1102 2450 1195 2480 PER
1228 2450 1485 2481 DOMINUM.

326 2538 540 2590 Magister
563 2537 784 2577 Robertus
808 2537 973 2590 Troyli,
996 2543 1137 2577 rector
1159 2535 1410 2576 medietatis
1432 2535 1613 2575 ecclesie
1635 2535 1690 2574 de
1713 2534 1877 2574 WVode-

211 2607 344 2656 forde,
368 2606 694 2647 Lincolniensis
717 2606 915 2655 diocesis,
939 2620 1015 2659 per
1038 2605 1204 2646 litteras
1227 2604 1508 2644 dimissorias.

327 2676 527 2728 Rogerus
549 2675 605 2715 de
629 2675 885 2728 Brampton,
908 2675 963 2715 ad
993 2674 1366 2728 presentationem
1392 2673 1589 2725 magistri
1613 2670 1798 2712 Giffredi
1822 2670 1879 2711 de

211 2745 404 2785 Vezano.

328 2812 582 2865 Stephanus
630 2811 686 2852 de
739 2812 1031 2865 Lutheberge,
1076 2819 1216 2852 rector
1257 2810 1439 2851 ecclesie
1490 2808 1544 2848 de
1589 2807 1878 2856 Merkeshale‚

214 2882 521 2934 Norwycensis
544 2880 742 2930 diocesis,
765 2896 841 2934 per
863 2882 1030 2922 litteras
1053 2880 1332 2921 dimissorias.

327 2949 575 2989 Willelmus
597 2949 653 2989 de
677 2950 959 2998 Bradestede,
981 2956 1122 2990 rector
1143 2948 1325 2988 ecclesie
1347 2947 1402 2986 de
1428 2946 1612 2994 Hevere,
1636 2945 1877 2985 decanatus

213 3018 268 3058 de
292 3018 490 3059 Sorham.

322 3087 537 3140 Thomas,
560 3093 701 3127 rector
722 3088 902 3127 ecclesie
924 3087 979 3127 cle
996 3086 1340 3132 WVodemantom
1358 3083 1658 3135 Cycestrensis
1681 3082 1879 3130 diocesis,

216 3169 292 3208 per
313 3155 480 3196 litteras
502 3155 782 3196 dimissorias.
