2023 3453
147 219 242 250 ΑΛ).
280 221 294 249 1
310 221 331 249 2
341 205 367 250 8
380 203 422 266 1)
577 202 627 249 Α
637 198 950 265 νίβιῑέβῑζτῑοβί
985 198 1026 248 C
1026 195 1373 248 cantuariensis.
1723 211 1810 259 ‘149

234 361 311 402 [ΡΟ.
337 362 432 403 580]

264 434 430 487 [Leller
449 441 488 474 to
510 434 577 473 llze
598 433 758 485 Bislzop
790 433 843 484 of
864 431 1103 483 Salz'sbuzsy.
1166 430 1326 483 Regz'st.
1360 430 1495 482 Epist.
1518 430 1562 483 J
1586 429 1812 477 Peclelmm,

149 504 176 552 ί,
198 503 312 556 318]

146 627 432 670 [Sequeslmtc'on
448 627 493 670 of
503 626 657 669 lsfield]

265 702 605 750 SEQUESTRUM
639 708 917 740 FRUCTUUM
952 707 1184 739 ECCLESIE
1219 707 1283 737 DE
1319 696 1737 738 &Ernst—Anno
1771 703 1815 736 et

148 770 245 810 loco
286 769 464 818 eisdem,
507 768 601 820 xiiij
647 768 729 807 kal.
774 767 1061 820 Septembris,
1102 767 1325 807 emanavit
1367 765 1512 805 littera
1556 765 1815 818 Reginaldo,

148 839 376 892 capellano
428 837 665 891 parochiali
717 836 772 876 de
814 835 1007 885 Ysefeld,
1049 835 1104 875 ad
1158 834 1523 887 sequestrandum
1565 834 1731 874 fructus
1772 840 1816 874 et

149 914 385 960 proventus
411 906 594 947 ecclesie
616 905 671 945 de
703 904 874 953 Isefeld,
896 911 940 944 et
962 904 1043 944 sub
1066 910 1186 944 arcto
1216 910 1443 956 sequestro
1476 903 1813 943 custodiendum

148 978 260 1017 sicut
282 976 337 1016 de
358 975 524 1016 eisdem
549 973 814 1027 respondere
836 973 1032 1022 voluerit,
1054 986 1283 1025 quousque
1306 972 1435 1022 aliud,
1457 979 1535 1013 etc.

147 1100 432 1143 [Sequestmtion
449 1099 495 1142 of
509 1098 674 1142 Glynde]

266 1173 605 1223 SEQUESTRUM
641 1181 917 1212 FRUCTUUM
954 1180 1186 1211 ECCLESIE
1220 1180 1284 1209 DE
1319 1170 1741 1211 &awos—Anno
1775 1178 1818 1211 et

148 1243 244 1282 loco
266 1242 446 1291 eisdem,
469 1242 546 1294 xiij
580 1241 663 1281 kal.
697 1240 983 1294 Septembris,
1016 1240 1276 1292 sequestrati
1307 1246 1408 1279 sunt
1439 1239 1602 1279 fructus
1636 1240 1818 1280 ecclesie

148 1311 203 1351 de
227 1310 404 1364 Glynde
427 1325 502 1364 per
524 1310 742 1350 decanum
766 1309 820 1350 de
846 1309 1043 1361 Malling.

265 1426 432 1480 [Letter
465 1433 504 1466 to
546 1426 614 1466 tlze
650 1426 774 1465 Deam
806 1426 860 1476 of
881 1425 1105 1476 Pevensey.
1168 1424 1327 1476 Regz'st.
1355 1423 1491 1475 Epist.
1516 1423 1559 1477 J.
1590 1423 1819 1472 Per-sellam,

150 1496 176 1544 ι’,
198 1495 314 1549 220]

148 1609 311 1650 [Release
327 1610 373 1652 of
383 1609 434 1642 St.
452 1608 566 1651 zlsmy
585 1608 732 1651 ollem]

268 1683 563 1722 RELAXATIO
596 1691 869 1731 SEQUESTRI
903 1691 966 1720 DE
996 1681 1215 1728 OTTERY,
1244 1680 1555 1720 EonIENsis
1588 1688 1818 1720 moCESIs.

151 1751 346 1791 —Anno
367 1750 523 1791 eodem
548 1751 666 1803 apud
691 1749 910 1799 Otteford,
934 1749 976 1802 iij
1003 1763 1091 1790 non
1116 1749 1402 1802 Septembris,
1424 1749 1647 1789 emanavit
1676 1749 1820 1789 littera

150 1821 231 1860 sub
272 1820 353 1860 hac
396 1820 545 1860 forma.
610 1820 850 1867 UniversiS,
881 1826 961 1859 etc.
1026 1820 1179 1859 Frater
1218 1818 1456 1871 Johannes,
1489 1824 1582 1867 eto,
1618 1818 1818 1858 salutem.

153 1889 336 1929 Noverit
359 1889 619 1929 universitas
641 1895 787 1928 vestra
809 1887 927 1940 quod
951 1901 1030 1927 nos
1053 1894 1329 1940 sequestrum
1354 1887 1387 1927 si
1411 1887 1529 1939 quod
1560 1887 1820 1927 auctoritate

151 1964 313 2006 nostra,
354 1971 493 2010 nuper
543 1956 647 1997 sede
692 1957 938 1997 Exoniensi
981 1963 1178 2005 vacante,
1220 1970 1296 2009 per
1346 1955 1576 1996 officialem
1621 1962 1818 1996 nostrum

152 2026 328 2075 ibidem,
351 2025 516 2066 factum
540 2025 669 2065 fuerit
692 2026 735 2065 in
759 2026 885 2065 bonis
912 2032 988 2065 aut
1011 2025 1222 2065 fructibus
1245 2025 1426 2065 ecclesie
1453 2024 1580 2065 beate
1605 2025 1743 2065 Marie
1766 2025 1820 2065 de

154 2095 306 2148 Otery‚
341 2108 425 2147 que
457 2094 617 2135 dicitur
649 2094 703 2134 ad
744 2095 1107 2147 Rothomagense
1149 2093 1391 2146 capitulum
1435 2094 1662 2146 pertinere,
1699 2093 1820 2134 salvo

150 2163 246 2216 jure
268 2163 514 2216 cujuslibet,
537 2170 689 2204 tenore
713 2164 981 2217 presentium
1014 2164 1188 2216 penitus
1219 2163 1481 2211 relaxamus,
1504 2176 1592 2202 non
1615 2162 1820 2203 obstante

151 2232 270 2286 quod
322 2232 566 2285 capitulum
621 2233 986 2285 Rothomagense
1028 2246 1105 2285 per
1145 2231 1375 2271 dominum
1419 2231 1664 2271 Walterum
1707 2231 1821 2271 bone

153 2302 376 2350 memorie,
430 2301 733 2341 Exoniensem
786 2301 1056 2354 episcopum,
1099 2300 1218 2340 dicta
1268 2299 1451 2340 ecclesia
1502 2300 1821 2340 sententialiter

154 2370 313 2411 dicitur
330 2370 461 2410 fuisse
485 2371 716 2423 privatum.
783 2371 831 2410 In
850 2370 974 2423 cujus
993 2370 1051 2410 rei
1069 2369 1478 2417 testimonium,etc.
1542 2369 1723 2418 Datum,
1740 2376 1819 2409 etc.

153 2494 438 2538 [Sequestratz'on
461 2495 508 2537 os
530 2495 716 2538 Wolsl0n.]

272 2567 375 2607 Iclus
426 2567 633 2609 Octobris
675 2574 950 2620 sequestrata
1007 2567 1087 2607 fuit
1134 2580 1209 2619 per
1250 2566 1478 2606 dominum
1532 2565 1715 2605 ecclesia
1765 2565 1820 2605 de

159 2635 512 2685 Wolfricheston,
535 2637 577 2676 in
610 2636 967 2677 archidiaconatu
1002 2635 1303 2683 Coventrensi,
1325 2647 1409 2686 que
1441 2640 1506 2674 est
1538 2634 1821 2686 appropriata

156 2705 382 2744 monachis
424 2706 739 2755 transmarinis,
786 2706 889 2758 quia
941 2718 1028 2745 non
1081 2704 1273 2744 resident
1324 2703 1411 2742 duo
1464 2703 1667 2742 monachi
1710 2703 1821 2742 sicut

155 2763 361 2813 dominus
383 2774 602 2814 ordinavit
626 2775 668 2814 in
692 2789 768 2814 sua
792 2775 1053 2823 visitatione,
1075 2780 1119 2813 et
1141 2773 1425 2813 commissum
1449 2778 1515 2812 est
1546 2779 1819 2824 sequestrum

155 2842 329 2882 officiali
353 2843 649 2883 archidiaconi
673 2843 995 2885 Coventrensis.

155 2966 441 3009 [Sequestration
457 2967 503 3010 of
511 2967 706 3001 Harborne
721 2968 801 3000 and
812 2967 1060 3010 Edgbastma]

275 3040 614 3080 Memorandum
653 3040 770 3093 quod
803 3041 859 3081 vii
897 3040 979 3080 kal.
1016 3038 1290 3086 Novembris,
1323 3050 1440 3076 anno
1481 3037 1821 3077 consecrationis

158 3107 325 3147 domini
348 3109 489 3158 tertio,
511 3110 868 3149 committebatur
900 3108 1208 3149 archidiacono
1231 3106 1516 3146 Coventrensi
1549 3112 1821 3157 sequestrum

159 3176 495 3216 custodiendum
529 3178 693 3217 fructus
724 3178 1004 3218 ecclesiarum
1038 3191 1111 3216 seu
1145 3174 1410 3227 capellarum
1444 3174 1499 3214 de
1525 3174 1757 3214 Horeburn
1781 3183 1824 3215 et
