2023 3453
198 189 294 220 A.D.
332 191 346 220 1
362 175 477 238 287]
627 176 679 222 A
687 176 1000 239 rchz'epz'scopi
1035 176 1078 223 C
1077 175 1424 223 anluam'ensz‘s
1769 193 1791 222 2
1802 192 1824 237 5
1835 192 1858 237 5

867 336 1191 377 SUBDIACONI.

317 420 515 472 Rogerus
539 419 696 472 Sering
718 419 773 460 de
798 421 1107 473 Freningham,
1130 420 1184 460 ad
1212 420 1388 460 titulum
1412 426 1455 460 et
1485 421 1859 473 presentationem

199 488 333 539 patris
356 488 432 528 sui.

316 557 534 597 Robertus
560 557 615 597 de
639 557 841 598 Uffinton
869 559 910 597 in
939 558 1146 611 parochia
1174 557 1229 598 de
1256 557 1575 610 Godwynston‚
1598 557 1653 597 ad
1682 558 1858 597 titulum

198 627 332 678 patris
354 627 419 666 sui
444 628 657 679 presentis
679 634 722 667 et
745 627 888 680 ipsum
913 628 1220 680 presentantiS‚
1242 635 1286 668 et
1308 641 1407 667 cum
1431 635 1551 668 carta
1574 641 1652 667 sua
1678 627 1860 667 feoffan-

196 696 251 735 tis
274 695 328 735 de
351 696 504 748 viginti
528 697 638 735 acris
660 703 772 736 terre
805 697 846 735 in
870 710 1028 749 campo
1053 697 1447 749 Attenywestacre,
1470 697 1581 736 sicut
1603 703 1787 750 apparet
1817 697 1859 736 in

196 771 316 804 carta
338 764 562 804 antedicta
584 778 669 817 que
693 778 826 817 penes
849 764 1078 805 dominum
1104 772 1311 805 remanet.

314 832 554 873 Nicholaus
586 833 641 873 de
674 832 913 886 Peddinge,
939 834 994 873 ad
1028 834 1205 874 titulum
1239 841 1282 876 et
1316 834 1689 887 presentationem
1724 835 1859 887 patris

195 903 273 951 sui,
296 903 438 954 ipsum
462 901 517 942 de
539 902 691 942 decem
715 903 824 941 acris
847 909 959 943 terre
981 903 1213 952 feoffantis,
1232 911 1279 944 ut
1302 910 1423 956 patet
1446 904 1488 943 in
1512 910 1632 943 carta
1649 916 1738 952 sua,
1757 902 1860 942 inde

195 971 395 1011 confecta
417 970 541 1022 cujus
563 971 690 1023 copia
713 984 847 1022 penes
870 971 1113 1011 dominum.

309 1039 533 1091 johannes
548 1038 602 1078 de
620 1038 771 1087 onrd‚
787 1039 1074 1079 Cicestrencis
1093 1039 1291 1089 diocesis,
1309 1054 1386 1093 per
1402 1040 1569 1080 litteras
1586 1040 1858 1080 dimissorias

195 1108 258 1147 sui
282 1107 517 1155 diocesani,
539 1113 582 1147 et
605 1106 659 1146 ad
685 1108 1057 1160 presentationem
1082 1108 1293 1160 ejusdem.

307 1176 533 1228 Johannes
569 1175 624 1215 de
660 1176 825 1229 Staple,
859 1176 914 1216 ad
950 1177 1126 1217 titulum
1164 1184 1208 1217 et
1247 1177 1562 1218 feofamentum
1607 1178 1742 1230 patris
1780 1178 1858 1226 sui,

194 1244 316 1297 cujus
338 1251 404 1285 est
426 1244 560 1284 heres.

309 1313 457 1353 Adam
490 1313 546 1353 de
580 1313 957 1367 Guodwyneston,
989 1315 1044 1355 ad
1088 1316 1264 1355 titulum
1309 1316 1535 1368 proprium
1571 1316 1648 1364 sui,
1680 1315 1735 1355 de
1770 1329 1858 1368 quo

193 1384 271 1423 fuit
295 1383 411 1423 facta
434 1383 541 1423 fides
565 1397 641 1436 per
664 1397 873 1436 magnum
899 1385 1214 1424 testimonium.

310 1452 480 1492 Alanus
512 1452 567 1492 de
601 1452 866 1501 Boclaunde,
899 1452 1229 1493 Cantuariensis
1267 1453 1465 1502 diocesis,
1502 1452 1557 1493 ad
1601 1453 1778 1493 titulum
1813 1459 1856 1493 et

192 1522 564 1574 presentationem
590 1522 743 1574 prioris
765 1528 807 1561 et
830 1529 1073 1562 conventus
1097 1522 1249 1563 Sancti
1273 1522 1472 1575 Gregorii
1497 1522 1835 1563 Cantuariensis.

309 1590 524 1630 Ricardus
547 1590 602 1630 de
627 1591 761 1638 Kent,
783 1597 925 1631 rector
946 1591 1128 1631 ecclesie
1150 1591 1205 1631 de
1231 1590 1617 1644 Ridelingewelde.

307 1660 554 1699 Willelmus
576 1659 631 1699 de
656 1659 892 1708 Essedene,
916 1659 969 1699 ad
994 1660 1169 1700 titulum
1196 1660 1450 1712 patrimonii
1475 1660 1550 1699 sui.

308 1729 554 1769 Willelmus
580 1730 692 1777 Prat‚
715 1728 769 1768 ad
793 1729 970 1769 titulum
995 1730 1231 1782 proprium.

302 1798 528 1849 Johannes
551 1797 605 1837 de
630 1798 888 1845 Walemere‚
912 1798 967 1838 ad
991 1798 1168 1838 titulum
1199 1805 1241 1838 et
1272 1798 1646 1851 presentationem
1681 1797 1853 1838 abbatis

188 1874 231 1907 et
253 1874 496 1907 conventus
518 1866 572 1906 de
598 1866 879 1918 Langedone.

301 1936 527 1988 Johannes
549 1935 604 1975 de
629 1935 912 1985 Newenham,
936 1935 989 1975 ad
1015 1936 1196 1976 liberam
1220 1935 1436 1988 capellam
1467 1935 1646 1975 domine
1672 1935 1853 1975 Pauline

187 2005 242 2045 de
267 2005 551 2045 Newenham.

300 2072 492 2125 Jacobus
515 2072 569 2112 de
595 2072 835 2125 Westgate,
858 2073 912 2113 ad
936 2073 1112 2113 titulum
1138 2073 1374 2126 proprium.

301 2142 526 2194 Johannes
549 2141 604 2181 de
627 2141 887 2189 Crokeston,
909 2141 964 2181 ad
988 2142 1164 2181 titulum
1191 2142 1426 2195 proprium.

305 2211 456 2250 Frater
479 2210 690 2251 Salomon
715 2210 770 2250 de
795 2210 1076 2263 Langedone.

905 2361 1135 2401 DIACONI.

301 2458 515 2510 Magister
538 2457 754 2498 Ricardus
777 2457 832 2498 de
855 2457 1005 2510 Clyve,
1028 2463 1169 2497 rector
1191 2457 1374 2497 ecclesie
1395 2456 1450 2497 de
1476 2457 1800 2498 Denecherche.

300 2526 470 2579 Symon
493 2526 549 2567 de
572 2526 833 2580 Sandxvyco.

298 2595 522 2647 Johannes
545 2595 600 2635 de
624 2595 984 2648 Oteryngdenne.

300 2663 451 2703 Frater
475 2663 694 2704 Robertus
717 2663 771 2704 de
796 2663 1118 2716 Monyngham,
1140 2663 1196 2703 de
1218 2669 1438 2703 conventu
1462 2662 1517 2702 de
1537 2662 1817 2715 Langedone.

301 2731 560 2772 Alexander
573 2733 628 2772 de
646 2733 829 2786 Estleya
845 2733 1044 2773 conentis
1060 2732 1126 2785 [?],
1141 2732 1194 2772 ad
1214 2732 1391 2772 titulum
1410 2737 1453 2771 et
1472 2732 1845 2783 presentationem

182 2800 354 2840 abbatis
378 2800 639 2850 Dorcestrie‚
661 2808 705 2842 et
731 2802 1051 2842 Lincolniensis
1069 2801 1267 2849 diocesis,
1283 2815 1358 2853 per
1380 2800 1546 2840 litteras
1564 2799 1846 2842 dimissorias,

298 2868 544 2909 Willelmus
571 2869 625 2910 de
649 2870 814 2911 Sancto
839 2870 1067 2918 Michaele‚
1091 2876 1232 2909 rector
1252 2868 1434 2909 ecclesie
1456 2868 1512 2908 de
1534 2868 1847 2919 Tediscumbe,

182 2937 467 2977 Cicestrensis
489 2938 686 2988 diocesis,
709 2953 785 2992 per
808 2939 973 2979 litteras
996 2938 1265 2978 dimissorias
1288 2937 1352 2977 sui
1375 2937 1608 2977 diocesani.

298 3005 495 3046 Thomas
532 3007 587 3047 de
628 3008 832 3060 Jobham,
866 3008 921 3047 ad
964 3007 1140 3047 titulum
1177 3005 1465 3045 sufficientem
1502 3006 1766 3058 patrimonii,
1800 3013 1844 3047 et

180 3074 481 3114 testimonium
501 3077 680 3115 rectoris
702 3083 745 3116 et
769 3077 965 3129 magistri
987 3075 1178 3123 Martini,
1196 3074 1484 3114 commissarii
1504 3073 1844 3124 Cantuariensis,

179 3149 222 3183 et
244 3142 429 3183 aliorum
454 3144 694 3185 vicinorum
721 3145 1000 3199 presentium.
