2023 3453
198 189 210 227 i
226 197 282 242 52
625 177 913 247 Regz'strzcm
925 186 975 250 J
976 179 1183 233 ohannis
1207 182 1421 234 Peclmm
1577 187 1698 252 [A.1).
1731 190 1847 236 1281

189 342 396 394 predictis
418 342 611 382 ecclesiis
645 342 841 383 defectus
875 343 1046 392 fuerint,
1070 344 1281 384 intimetis
1316 345 1452 395 nobis,
1475 352 1518 386 et
1555 346 1765 387 faciemus
1797 347 1851 387 ad

189 410 494 451 sufficientiam
538 411 774 451 emendari.
839 412 1006 451 Datum
1050 412 1168 464 apud
1213 413 1514 467 Suthmalling
1555 414 1626 455 die
1670 415 1853 456 Sabbati

189 486 288 533 post
312 480 622 533 Epiphaniam,
645 494 762 520 anno
788 481 968 520 Domini
993 481 1262 521 m0cc0lxxx0
1285 482 1438 535 primo.

187 592 570 634 [ΕΛ-σοφήν]πηῖσαίίοφι
587 594 633 636 os
642 593 740 626 those
757 594 840 627 wlco
856 594 989 627 violate
1005 594 1064 627 me
1079 596 1340 637 sequestr-asion
1356 596 1403 639 os
1411 595 1646 639 Ringwood]

302 666 511 707 CONTRA
554 676 863 708 VIOLATORES
906 676 1178 716 SEQUESTRI
1227 677 1291 707 DE
1346 669 1855 710 RINGWODE.——Frater

184 736 535 787 ]0113111165,616.,
563 735 724 775 dilecto
757 735 846 775 filio
875 736 1049 776 officiali
1083 750 1162 776 suo
1187 737 1492 787 VVintoniensi,
1526 738 1629 778 sede
1658 745 1855 788 vacante,

184 805 383 852 salutem,
415 804 615 857 gratiam,
647 810 690 844 et
728 804 1093 844 benedictionem.
1158 805 1269 845 Cum
1304 819 1443 858 nuper
1474 806 1639 846 fructus
1671 807 1854 848 ecclesie

183 874 238 914 de
273 872 518 926 Ringwode
550 873 593 912 in
627 873 767 912 forma
788 874 1001 913 canonica
1034 874 1262 914 fecerimus
1292 876 1566 927 sequestrari,
1589 890 1638 916 ac
1661 876 1853 929 quidam,

184 949 230 982 ut
263 942 575 990 intelleximus
598 956 674 982 sue
707 942 859 982 salutis
892 943 1184 992 immemores,
1209 944 1453 984 Dominum
1488 959 1562 998 pre
1595 946 1732 986 oculis
1765 959 1852 986 non

182 1012 407 1060 habentes,
448 1011 591 1063 ipsum
635 1018 909 1064 sequestrum
953 1014 1301 1066 presumpserint
1343 1014 1644 1067 multipliciter
1679 1015 1853 1065 violare,

181 1081 432 1121 discretioni
470 1087 544 1120 tue
578 1081 898 1121 committimus
934 1089 978 1122 et
1021 1082 1285 1123 mandamus
1327 1083 1406 1123 tibi
1449 1084 1734 1124 nihilominus
1771 1085 1853 1125 sub

181 1165 294 1204 pena
316 1150 708 1191 animadversionis
731 1151 938 1201 districte,
962 1152 1142 1193 firmiter
1164 1153 1446 1206 injungentes
1468 1154 1675 1206 quatinus
1698 1168 1852 1194 omnes

180 1220 432 1272 hujusmodi
456 1221 669 1272 sequestri
693 1221 828 1261 nostri
853 1221 1088 1262 violatores
1110 1236 1187 1275 per
1209 1229 1263 1271 16,
1286 1223 1352 1263 vel
1377 1236 1454 1275 per
1475 1223 1609 1262 alium
1634 1230 1710 1264 aut
1732 1224 1852 1273 alios,

178 1289 587 1330 excommunicates
630 1290 672 1329 in
714 1304 874 1343 genere
916 1305 992 1343 per
1033 1297 1177 1331 totum
1214 1291 1479 1332 decanatum
1518 1292 1573 1332 de
1618 1293 1772 1343 Forde‚
1809 1300 1853 1334 et

178 1359 293 1405 alibi,
329 1359 401 1398 ubi
435 1358 595 1399 videris
638 1359 851 1412 expedire
892 1360 1076 1413 singulis
1119 1361 1273 1401 diebus
1314 1361 1548 1401 dominicis
1589 1369 1633 1402 et
1674 1362 1853 1412 festivis,

178 1442 315 1481 usque
337 1428 391 1468 ad
426 1428 771 1468 satisfactionem
795 1429 1062 1482 condignam
1093 1436 1137 1470 et
1168 1431 1581 1471 excommunicatos
1614 1431 1788 1484 publice
1809 1438 1852 1472 et

177 1497 432 1537 solemniter
463 1497 597 1537 facias
630 1498 839 1548 nunciat-i,
862 1498 1087 1550 inquirens
1119 1499 1406 1539 nihilominus
1429 1507 1473 1540 et
1500 1501 1657 1553 inquiri
1691 1501 1854 1541 faciens

175 1566 411 1619 diligenter
432 1566 487 1606 de
509 1580 660 1606 eorum
684 1567 949 1616 nominibus,
971 1574 1014 1607 et
1038 1581 1147 1620 quos
1172 1568 1214 1608 in
1238 1568 1320 1608 hac
1351 1576 1474 1622 parte
1498 1584 1593 1609 reos
1621 1571 1851 1620 inveneris,

176 1636 282 1675 cites
315 1637 621 1689 peremptorie,
646 1650 722 1689 per
753 1643 796 1676 te
819 1637 885 1676 vel
919 1651 995 1689 per
1018 1637 1164 1687 alium,
1187 1644 1234 1677 ut
1267 1638 1378 1677 infra
1407 1647 1573 1678 certum
1597 1639 1714 1679 diem
1742 1641 1804 1680 eis
1827 1655 1852 1680 a

175 1711 218 1744 te
241 1705 538 1753 statuendum,
557 1719 703 1745 coram
730 1706 856 1745 nobis
880 1706 1131 1759 ubicunque
1154 1707 1363 1747 fuerimus
1387 1708 1429 1747 in
1453 1714 1603 1748 nostra
1627 1708 1852 1761 provincia

174 1780 472 1827 compareant,
495 1774 621 1814 nobis
658 1788 789 1827 super
822 1775 905 1814 hoc
941 1782 985 1815 et
1022 1775 1116 1815 aliis
1155 1775 1236 1815 sibi
1274 1776 1518 1816 obiciendis
1553 1791 1850 1830 responsuros,

174 1843 364 1883 facturos
386 1849 429 1883 et
453 1849 703 1895 recepturos
726 1857 811 1896 que
831 1843 1004 1895 justitia
1030 1844 1243 1885 suadebit.
1307 1844 1426 1898 Quid
1450 1852 1597 1886 autem
1632 1846 1783 1887 feceris
1807 1848 1848 1887 in

175 1913 410 1965 premissis,
433 1918 476 1952 61
504 1912 621 1952 diem
646 1926 776 1965 quem
807 1913 847 1952 in
873 1913 954 1953 hac
983 1920 1106 1967 parte
1129 1914 1212 1954 reis
1240 1914 1295 1954 ad
1325 1915 1673 1968 comparendum
1701 1930 1848 1956 coram

173 1981 299 2021 nobis
328 1981 509 2021 duxeris
543 1981 861 2034 prefigendum‚
885 1982 996 2022 infra
1030 1996 1227 2023 mensem
1255 1997 1280 2023 a
1309 1983 1414 2024 data
1447 1985 1716 2037 presentium
1745 1984 1850 2026 fide-

173 2051 270 2090 liter
312 2051 438 2090 nobis
481 2051 703 2099 rescribas,
749 2065 824 2104 per
865 2058 964 2091 tuas
1018 2059 1222 2105 patentes
1275 2052 1442 2093 litteras
1494 2053 1648 2093 harum
1692 2055 1847 2094 seriem

171 2121 457 2160 continentes.
520 2120 644 2160 Vale.
709 2121 877 2160 Datum
912 2121 1030 2174 apud
1066 2121 1368 2174 Suthmalling
1401 2137 1462 2162 xv
1494 2122 1576 2162 kal.
1622 2123 1846 2164 Februarii

171 2189 513 2229 consecrationis
537 2197 687 2230 nostra
709 2204 826 2230 anno
849 2191 989 2230 tertio.

286 2333 451 2386 [Lelter
481 2340 519 2372 ἴι)
551 2333 619 2373 ίΙιε
649 2333 804 2386 official
831 2335 884 2385 of
915 2334 984 2374 tlze
1024 2334 1297 2374 Archdeacon
1329 2336 1383 2386 (ff
1406 2335 1620 2386 Sudbltly.
1682 2335 1842 2388 Regzkl.

170 2403 311 2455 Epist.
326 2402 371 2456 J.
395 2402 624 2448 Peclelzam,
647 2403 672 2451 i,
695 2401 810 2455 267]

255 2532 331 2575 [Ρο.
350 2532 416 2575 60]

167 2619 330 2661 [leelease
347 2619 393 2661 of
402 2619 529 2652 Lewes
545 2619 707 2662 Pm'my]

286 2706 385 2745 PRo
423 2706 607 2745 PmoRE
643 2714 704 2744 ET
738 2705 1019 2746 CONVENTU
1068 2716 1129 2746 ms
1175 2707 1576 2746 LEWEs.—Frater
1612 2706 1837 2758 johannes·

167 2775 452 2828 permissione
483 2773 632 2813 divina
665 2774 993 2814 Cantuariensis
1026 2775 1208 2815 ecclesie
1241 2775 1438 2815 minister
1478 2774 1668 2824 humilis,
1700 2776 1835 2816 totius

168 2844 330 2896 Anglie
353 2844 528 2896 primas,
549 2849 641 2891 eto,
663 2841 825 2882 dilecto
848 2842 936 2882 filio
966 2844 1177 2895 magistro
1201 2844 1302 2884 Ade
1325 2843 1380 2883 de
1410 2843 1536 2893 Hale,
1559 2843 1733 2883 officiali
1756 2858 1836 2884 suo

167 2912 474 2960 wintoniensi,
516 2910 619 2952 sede
661 2917 857 2960 vacante,
899 2911 1098 2961 salutem,
1140 2913 1341 2964 gratiam,
1382 2918 1425 2952 et
1467 2912 1833 2953 benedictionem.

168 2981 285 3034 Quia
306 2987 580 3034 sequestrum
616 2981 657 3020 in
691 2980 817 3020 bonis
849 2987 892 3020 et
925 2981 1210 3033 pensionibus
1244 2982 1397 3034 prioris
1429 2988 1472 3022 et
1505 2988 1748 3022 conventus
1780 2982 1834 3023 de

168 3050 319 3090 Lewes
343 3063 481 3102 nuper
504 3050 545 3088 in
569 3049 820 3089 visitatione
850 3055 999 3089 nostra
1022 3049 1340 3089 Wintoniensis
1363 3050 1549 3090 diocesis
1572 3051 1834 3091 auctoritate

165 3125 312 3157 nostra
364 3118 541 3167 factum,
581 3118 637 3158 de
679 3124 827 3157 nostra
869 3119 1010 3171 gratia
1053 3118 1228 3171 speciali
1272 3119 1483 3158 duximus
1527 3119 1832 3168 relaxandum,

163 3187 285 3226 vobis
319 3187 581 3227 mandamus
604 3187 810 3239 quatinus
839 3186 1007 3227 dictum
1041 3193 1315 3239 sequestrum
1351 3202 1428 3240 pro
1462 3187 1662 3228 relaxato
1694 3201 1828 3240 penes
