2023 3453
172 161 263 212 218
602 159 1160 229 Regz'strumsolmnnz's
1185 159 1412 212 Peclzam.
1555 158 1673 228 [AD.
1710 183 1724 212 1
1740 164 1832 225 284

168 323 406 364 accedendi
441 338 516 377 per
545 339 590 364 se
623 330 697 364 aut
730 338 806 377 per
838 330 1143 376 procuratores
1185 323 1369 363 idoneos
1400 329 1444 364 et
1476 323 1742 364 sufficienter
1777 324 1833 364 ad

167 398 307 432 totam
330 406 507 432 causam
533 393 781 441 instructos,
803 406 902 431 cum
936 392 1056 440 actis,
1076 391 1259 443 juribus,
1281 398 1324 431 et
1357 392 1644 432 munimentis
1666 391 1833 433 dictum

168 461 394 513 negotium
427 461 801 514 contingentibus,
825 460 980 500 facturi
1013 467 1057 501 et
1080 461 1293 514 recepturi
1323 460 1441 513 quod
1464 460 1696 501 dictaverit
1727 461 1836 501 ordo

164 529 281 582 juris.

282 599 538 652 [ffilmgimzl
573 598 791 651 Note:—]
823 598 1062 650 “Sequitur
1095 599 1137 638 in
1182 599 1343 651 pagina
1385 599 1590 651 proxima
1622 605 1835 651 sequente

167 669 392 708 revocacio
435 668 761 720 provocationis
813 681 888 707 seu
941 667 1259 720 appellacionis
1302 668 1542 720 prescripte
1584 674 1628 707 et
1672 668 1834 708 residet

166 736 377 790 originale
401 737 442 776 in
467 735 584 788 apud
600 735 710 786 (sic)
727 742 928 776 sanctum
950 735 1212 789 Gregorium
1237 735 1474 776 Cantuarie
1498 736 1540 775 in
1564 736 1837 777 thesauraria

165 806 333 845 domini
356 804 673 857 archiepiscopi
697 804 779 843 sub
801 804 946 857 sigillo
968 804 1146 857 capituli
1172 804 1537 845 Cantuariensis.''

282 875 418 914 Facta
452 873 531 913 fuit
563 873 643 913 hec
677 874 933 926 provocatio
965 887 1040 913 seu
1074 873 1315 926 appellatio
1343 873 1462 926 apud
1499 873 1764 914 Hontindon
1793 874 1835 913 in

166 943 371 996 prioratU,
399 941 439 994 vj
475 941 572 982 idus
597 941 817 990 Octobris,
845 955 962 981 anno
995 941 1261 995 supradicto,
1290 956 1367 995 per
1399 949 1703 995 procuratores
1742 956 1836 995 pre-

164 1012 316 1060 dictos,
331 1011 488 1064 quibus
511 1010 718 1051 dominus
741 1010 1097 1064 archiepiscopus
1121 1011 1348 1064 respondit
1364 1017 1407 1051 et
1430 1011 1626 1063 injunxit
1643 1011 1835 1064 Johanni

163 1080 218 1121 de
242 1079 406 1129 Becles‚
428 1079 612 1129 notario,
633 1079 752 1132 quod
776 1078 878 1120 inde
900 1079 1062 1120 faceret
1084 1079 1310 1133 publicum
1335 1080 1689 1121 instrumentum.

251 1204 332 1247 [Fo.
351 1204 435 1248 113.]

163 1269 422 1314 [Commission
439 1272 472 1302 lo
489 1269 597 1301 audit
608 1271 776 1302 accounts
791 1269 836 1312 of
852 1268 886 1301 T
882 1269 1010 1302 lzomas
1027 1269 1071 1302 de
1091 1268 1121 1301 C
1120 1268 1340 1313 lzczrlelmm]

167 1350 428 1390 MAGISTRO
465 1348 520 1388 H.
557 1348 730 1388 LOVEL
763 1357 824 1387 ET
858 1348 924 1387 W.
959 1357 1023 1388 DE
1057 1348 1394 1389 CHILECUMBE
1426 1358 1493 1388 AD
1525 1358 1836 1390 AUDIENDUM

236 1426 513 1460 COMPOTUM
538 1426 725 1458 DOMINI
749 1417 937 1457 THOME
961 1427 1026 1457 DE
1050 1417 1374 1458 CHARTEHAM
1400 1417 1763 1459 THESAURARII.

281 1509 434 1548 Frater
469 1508 709 1560 Johannes‚
741 1514 832 1557 etc.‚
866 1507 1037 1548 dilectis
1076 1508 1174 1548 filiis
1208 1509 1421 1562 magistro
1457 1508 1653 1549 Henrico
1689 1509 1838 1558 Lovel,

164 1577 405 1619 senescallo
438 1584 599 1626 nostro,
621 1583 665 1617 et
697 1576 880 1617 domino
913 1577 1123 1627 waltero,
1146 1577 1301 1617 rectori
1334 1577 1516 1618 ecclesie
1542 1577 1597 1617 de
1633 1577 1838 1627 Hicham,

164 1647 363 1694 salutem,
394 1646 595 1698 gratiam,
627 1652 670 1686 et
715 1646 1081 1686 benedictionem.
1146 1646 1218 1686 Ad
1263 1647 1533 1687 audiendum
1577 1653 1836 1700 compotum

164 1717 311 1757 dilecti
345 1715 419 1756 filii
452 1715 621 1755 domini
655 1715 829 1755 Thome
860 1715 916 1756 de
949 1715 1231 1765 Charteham‚
1264 1716 1523 1756 thesaurarii
1557 1716 1693 1756 nostri
1722 1715 1836 1757 Can-

164 1785 407 1834 tuariensis,
439 1792 483 1825 et
515 1784 570 1824 ad
610 1784 860 1825 faciendum
896 1784 1041 1825 eidem
1075 1785 1426 1838 acquietanciam
1459 1785 1640 1825 nomine
1673 1791 1837 1833 nostro,

165 1854 288 1895 vobis
310 1854 426 1894 vices
459 1860 632 1893 nostras
664 1854 985 1894 committimus
1018 1868 1095 1906 per
1123 1860 1359 1905 presentes.
1425 1854 1593 1894 Datum
1620 1853 1838 1907 Radyng’‚

164 1924 235 1964 die
264 1923 488 1963 dominica
512 1923 718 1976 proxima
746 1929 847 1975 post
875 1923 1035 1963 festum
1066 1923 1219 1965 Sancti
1251 1923 1370 1964 Luce
1400 1922 1697 1976 Evangeliste‚
1720 1936 1838 1962 anno

164 2000 242 2034 etc.

164 2107 217 2151 [T
214 2107 257 2140 lte
272 2106 407 2149 appeal
420 2106 573 2149 against
586 2105 645 2138 tlte
661 2106 907 2138 consecratz'on
923 2105 969 2148 of
985 2105 1125 2138 Walter
1138 2105 1284 2138 Scamel
1296 2106 1326 2138 is
1343 2105 1598 2149 witlam-awa]

283 2187 510 2228 Universis
538 2193 763 2239 presentes
791 2186 957 2226 litteras
990 2186 1264 2239 inspecturis,
1290 2187 1344 2227 H.
1370 2186 1657 2239 permissione
1689 2185 1840 2226 divina

166 2258 282 2310 prior
321 2256 518 2296 Ecclesie
557 2255 717 2296 Christi
762 2256 1103 2304 Cantuariensis‚
1139 2262 1182 2295 et
1219 2255 1418 2308 ejusdem
1468 2256 1551 2295 loci
1593 2254 1836 2308 capitulum

167 2326 332 2366 humile
373 2325 560 2366 salutem
610 2325 652 2364 in
698 2325 895 2365 Domino
937 2325 1265 2378 sempiternam.
1351 2325 1536 2365 Noverit
1578 2324 1838 2365 universitas

165 2401 309 2435 vestra
331 2394 450 2447 quod
478 2407 578 2433 cum
602 2407 742 2446 nuper
763 2400 949 2433 vacante
972 2393 1157 2433 ecclesia
1181 2393 1528 2446 Sarresbyriensi
1553 2407 1628 2446 per
1651 2398 1836 2433 mortem

166 2464 280 2504 bone
313 2462 524 2503 memorie
546 2462 714 2502 domini
750 2462 945 2512 Roberti‚
967 2462 1162 2516 episcopi
1191 2462 1273 2502 loci
1306 2462 1519 2515 ejusdem,
1542 2476 1592 2502 ac
1624 2461 1838 2502 electione

166 2532 221 2573 de
250 2545 436 2585 persona
459 2531 720 2572 venerabilis
743 2531 821 2571 viri
855 2531 1053 2584 magistri
1084 2531 1267 2571 Walteri
1301 2530 1475 2573 Scamel
1509 2531 1552 2570 in
1580 2530 1837 2583 episcopum

168 2601 282 2642 Sarr’
318 2600 549 2649 celebrata,
584 2606 628 2640 et
663 2613 739 2652 per
774 2599 1062 2640 reverendum
1098 2606 1269 2652 patrem
1307 2599 1538 2640 dominum
1575 2598 1838 2651 Johannem‚

168 2670 252 2710 Dei
275 2670 416 2723 gratia
439 2669 802 2710 Cantuariensem
826 2669 1219 2722 archiepiscopum,
1242 2668 1378 2708 totius
1403 2667 1566 2720 Anglie
1590 2668 1838 2721 primatem,

167 2738 437 2787 confirmata,
473 2752 564 2787 nos,
596 2738 802 2778 timentes
839 2752 897 2778 ex
933 2737 1267 2778 confirmatione
1301 2737 1396 2790 ipsa
1430 2750 1508 2790 pro
1542 2750 1595 2777 eo
1628 2736 1746 2789 quod
1782 2736 1836 2777 ad

167 2822 264 2847 eam
301 2814 451 2848 nostro
485 2821 703 2847 concensu
741 2807 922 2847 minime
965 2807 1175 2859 requisito
1212 2819 1466 2859 processum
1506 2805 1585 2845 fuit
1627 2805 1754 2846 nobis
1795 2812 1839 2846 et

167 2876 348 2917 ecclesie
376 2883 522 2917 nostre
551 2890 679 2929 posse
708 2875 997 2929 prejudicium
1025 2875 1236 2928 generari,
1258 2880 1494 2927 postquam
1518 2874 1600 2914 hoc
1623 2874 1678 2914 ad
1703 2874 1838 2915 nostri

169 2946 376 2985 noticiam
413 2945 622 2998 pervenit,
660 2959 685 2984 a
718 2944 1058 2984 confirmacione
1095 2944 1190 2997 ipsa
1232 2957 1378 2983 coram
1423 2943 1592 2996 prefato
1631 2949 1753 2996 patre
1794 2949 1839 2984 et

169 3014 352 3054 domino
413 3014 744 3067 archiepiscopo
810 3012 1159 3066 appellacionem
1217 3012 1272 3052 ad
1335 3011 1484 3052 sedem
1548 3012 1836 3065 apostolicam

171 3083 472 3136 sollempniter
528 3083 746 3135 interponi
802 3082 1044 3130 fecerimus,
1086 3087 1330 3121 asserentes
1385 3095 1464 3120 nos
1515 3080 1836 3120 confirmationi

175 3152 549 3205 suffraganeorum
585 3164 965 3204 quorumcumque
998 3150 1327 3191 Cantuariensis
1365 3150 1586 3202 provincie
1619 3150 1838 3199 interesse,
