2023 3453
196 227 206 256 1
223 226 285 271 54
625 211 915 275 Regzktrum
929 210 1186 276 johannis
1210 210 1426 258 Peclzam
1582 210 1698 275 [A.D.
1737 230 1751 259 1
1767 217 1855 260 282

184 382 347 423 [Release
363 394 409 417 on
425 384 607 427 belzaffof
616 383 674 417 llze
690 383 811 427 Abbey
827 384 873 426 os
882 383 1162 426 zlffalmesbmy]

302 475 597 514 RELAXATIO
649 482 921 523 SEQUESTRI
967 482 1060 513 PRO
1104 473 1308 513 ABBATE
1353 483 1414 514 ET
1462 474 1745 517 CONVENTU
1795 486 1860 517 DE

188 543 789 584 MALMESBURIA—Frater
810 542 1036 594 Johannes
1065 543 1355 595 permissione
1383 543 1544 592 divina,
1567 551 1659 594 etc.‚
1682 559 1861 585 venera-

185 612 259 652 bili
303 612 422 652 fratri
457 611 652 660 domino,
688 612 772 652 Dei
810 612 951 664 gratia
987 612 1268 664 VVigornensi
1308 612 1545 666 Episcopo,
1580 614 1780 664 salutem,
1818 622 1862 655 et

185 682 398 721 sinceram
423 681 465 720 in
491 681 689 720 Domino
712 681 951 720 caritatem.
1018 680 1209 721 Abbatis
1232 687 1276 721 et
1302 689 1546 722 conventus
1569 682 1625 723 de
1651 683 1860 724 Malmes-

184 751 319 799 buria,
357 758 500 791 vestre
536 750 736 799 diocesis,
773 751 1051 803 inspeximus
1094 751 1394 804 exemptionis
1436 753 1703 806 priviligium
1741 753 1860 806 quod

184 820 390 873 allegant,
431 826 474 860 et
517 819 678 859 idcirco
720 820 922 860 volumus
965 820 1082 873 quod
1133 821 1167 860 si
1211 820 1330 873 quod
1372 821 1466 862 vice
1514 828 1558 862 et
1599 823 1862 863 auctoritate

184 896 334 929 nostra
376 890 418 929 in
462 890 657 942 ipsorum
700 889 894 929 ecclesiis
938 889 1104 929 factum
1147 896 1214 929 est
1255 897 1531 942 sequestrum
1575 891 1630 931 ad
1683 905 1862 944 presens

183 959 378 999 totaliter
400 958 632 998 relaxetur.
696 958 866 998 Valete.
932 959 1100 999 Datum
1124 958 1242 1011 apud
1268 959 1526 1000 Mortelake.

299 1044 412 1097 [lee
433 1044 568 1084 whole
589 1044 642 1095 of
654 1043 742 1083 tlzz's
762 1050 885 1095 entry
902 1044 940 1084 is
961 1044 1131 1084 crossed
1146 1051 1218 1084 out
1240 1045 1284 1084 ἐκ
1309 1045 1378 1085 tlze
1399 1046 1630 1099 Regzssvler]

183 1213 347 1255 [Releczse
362 1212 515 1256 ofsolm
532 1212 566 1246 le
582 1212 773 1255 Romeyn]

300 1304 596 1344 RELAXATIO
654 1312 927 1352 SEQUESTRI
992 1312 1239 1344 BONORUM
1295 1303 1544 1345 MAGISTRI
1606 1305 1865 1357 JOHANNIS

183 1383 243 1413 LE
288 1371 930 1413 ROMEYN.—Memorandum
966 1371 1085 1425 quod
1129 1373 1191 1412 xii
1235 1372 1318 1413 kal.
1356 1373 1463 1413 Maii
1507 1374 1758 1414 relaxatum
1796 1382 1863 1416 est

181 1449 457 1495 sequestrum
496 1442 758 1482 auctoritate
790 1441 959 1481 domini
990 1441 1155 1481 factum
1186 1442 1228 1481 in
1259 1442 1385 1482 bonis
1419 1444 1617 1496 magistri
1647 1444 1863 1497 Johannis

181 1512 286 1552 dicti
310 1512 349 1552 le
374 1512 592 1564 Romeyn,
615 1525 691 1564 per
714 1511 881 1551 litteras
907 1510 1076 1550 domini
1110 1510 1280 1551 decano
1307 1511 1362 1551 de
1386 1511 1632 1552 Schorham
1657 1512 1858 1561 directas,

182 1595 299 1621 anno
343 1581 526 1621 Domini
564 1587 719 1620 m⁰ccc⁰
753 1580 1027 1632 octogesimo
1064 1579 1272 1629 secundo,
1306 1581 1651 1621 consecrationis
1694 1581 1862 1621 domini

183 1656 350 1704 quarto.

184 1808 471 1851 [Sequestration.
487 1807 533 1848 of
544 1807 775 1850 Slzorelzam]

301 1899 643 1948 SEQUESTRUM
689 1907 968 1938 FRUCTUUM
1023 1907 1085 1937 ET
1129 1907 1479 1939 PROVENTUUM
1520 1907 1754 1939 ECCLESIE
1798 1908 1863 1938 DE

184 1968 699 2010 SCHORHAM.—Frater
729 1967 967 2019 Johannes,
989 1973 1082 2016 etc.,
1105 1966 1267 2007 dilecto
1300 1967 1389 2007 filio
1421 1967 1591 2007 decano
1614 1967 1668 2007 de
1703 1967 1863 2009 Schor-

183 2038 297 2086 ham,
320 2037 520 2085 salutem,
542 2036 743 2089 gratiam,
765 2043 809 2076 et
841 2035 1208 2076 benedictionem.
1273 2035 1390 2089 Quia
1422 2042 1564 2076 rector
1595 2036 1777 2076 ecclesie
1809 2036 1864 2076 de

184 2106 442 2155 Schorham‚
477 2107 519 2146 in
563 2106 658 2158 ipsa
698 2105 883 2145 ecclesia
924 2111 968 2145 et
1010 2105 1190 2158 capellis
1232 2105 1288 2145 ad
1326 2119 1424 2145 eam
1468 2105 1784 2158 spectantibus,
1817 2113 1864 2146 ut

185 2182 370 2224 tenetur,
393 2188 542 2215 curam
576 2174 772 2214 debitam
807 2187 894 2213 non
928 2181 1144 2224 excercet,
1167 2188 1222 2214 ne
1255 2175 1421 2214 fructus
1449 2174 1650 2227 ejusdem
1683 2175 1865 2216 ecclesie

183 2250 227 2284 et
249 2243 516 2296 capellarum
541 2256 730 2291 suarum,
754 2243 867 2282 sicut
890 2242 1117 2292 hactenus,
1135 2243 1316 2283 ulterius
1340 2243 1382 2283 in
1407 2243 1568 2283 illicitis
1587 2243 1738 2283 usibus
1762 2257 1863 2284 con-

185 2319 425 2362 sumentur,
447 2313 526 2353 tibi
560 2313 602 2352 in
626 2313 787 2353 virtute
809 2312 1062 2353 obedientie
1085 2312 1267 2353 firmiter
1299 2312 1574 2366 injungendo
1598 2313 1863 2353 mandamus

184 2383 391 2436 quatinus
424 2396 578 2422 omnes
612 2382 776 2422 fructus
808 2389 851 2422 et
884 2389 1123 2435 proventus
1156 2382 1274 2423 dicte
1304 2382 1488 2422 ecclesie
1517 2389 1561 2423 et
1593 2382 1861 2435 capellarum

184 2465 374 2500 suarum,
397 2451 452 2491 ad
486 2452 629 2504 ipsum
664 2457 876 2491 rectorem
901 2450 1218 2504 quoquomodo
1247 2457 1511 2504 spectanteS,
1538 2458 1796 2504 sequestreS,
1819 2458 1863 2492 et

186 2521 268 2561 sub
303 2527 423 2561 arcto
453 2526 691 2572 sequestro,
724 2520 836 2560 sicut
868 2519 923 2560 de
954 2534 1007 2560 eo
1039 2520 1166 2560 nobis
1199 2520 1464 2573 respondere
1497 2520 1695 2570 volueris,
1725 2522 1861 2561 teneri

186 2591 333 2640 facias,
356 2603 585 2643 quousque
611 2603 637 2629 a
663 2589 790 2629 nobis
823 2589 941 2630 aliud
975 2590 1188 2643 receperis
1221 2590 1263 2629 in
1298 2589 1531 2638 mandatis,
1554 2590 1695 2630 citans
1724 2591 1858 2630 etiam

185 2659 375 2701 eundem
400 2665 612 2699 rectorem
637 2658 922 2698 nihilominus
947 2659 1241 2711 peremptorie
1262 2664 1306 2698 et
1332 2658 1588 2698 solemniter
1611 2659 1653 2698 in
1676 2659 1860 2699 ecclesia

186 2743 276 2778 sua,
307 2727 426 2781 quod
461 2727 572 2767 infra
604 2734 780 2780 tempus
813 2727 893 2767 sibi
927 2742 952 2767 a
990 2728 1086 2780 jure
1118 2741 1376 2768 concessum
1409 2727 1557 2768 veniat
1590 2727 1784 2768 facturus
1817 2729 1860 2768 in

185 2798 369 2839 ecclesia
406 2811 485 2837 sua
519 2796 715 2849 predicta
753 2797 1029 2849 personalem
1063 2797 1345 2838 residentiam
1379 2803 1427 2836 ut
1469 2802 1654 2847 tenetur,
1686 2804 1730 2838 et
1771 2798 1861 2837 ani-

187 2880 357 2907 marum
381 2879 482 2906 cure
505 2879 638 2918 quam
672 2865 867 2918 negligit,
890 2865 1121 2906 salubriter
1154 2866 1416 2918 provisurus,
1440 2865 1633 2918 alioquin
1666 2879 1724 2905 ex
1757 2871 1861 2906 tunc

186 2943 339 2976 contra
370 2948 470 2975 eum
505 2934 766 2987 procedetur
796 2941 926 2987 prout
959 2934 1014 2974 de
1045 2934 1141 2987 jure
1175 2935 1302 2974 fuerit
1338 2933 1677 2987 procedendum.
1741 2933 1860 2987 Quid

187 3011 334 3044 autem
368 3003 520 3043 feceris
552 3003 595 3042 in
619 3003 853 3055 premissis,
876 3002 1001 3042 nobis
1034 3002 1145 3042 infra
1168 3017 1228 3042 xv
1250 3002 1343 3042 dies
1365 3016 1390 3041 a
1413 3003 1663 3054 receptione
1686 3016 1860 3055 presen-

188 3074 297 3114 tium
323 3072 556 3112 rescribere
589 3071 775 3112 fideliter
799 3085 885 3111 non
909 3071 1100 3111 omittas.
1163 3071 1288 3111 Vale.
1353 3071 1519 3110 Datum
1544 3071 1662 3124 apud
1697 3071 1860 3112 Morte-

189 3142 299 3190 lake,
322 3141 349 3193 ij
385 3153 482 3180 non.
509 3139 615 3191 Maij
651 3154 768 3180 anno
803 3140 982 3179 Domini
1018 3139 1312 3191 m⁰cc⁰lxxxij‚
1335 3140 1679 3179 consecrationis
1713 3146 1860 3180 nostre

189 3216 355 3262 quarto.
