2023 3453
172 202 215 233 A.
224 201 268 233 D.
307 202 321 232 1
336 203 359 232 2
368 188 394 233 8
403 185 452 250 5]
601 186 653 232 A
662 185 979 248 rclzz'epz'scopz'
1013 184 1055 231 C
1053 183 1401 231 antuarz'ensz's.
1746 199 1768 228 2
1780 199 1802 228 2
1812 198 1837 242 3

260 342 335 383 [Fo.
365 342 450 386 118.]

176 410 386 450 NOMINA
438 410 822 451 ORDINATORUM
868 419 932 449 DE
986 410 1217 450 DYOCESE
1265 408 1606 449 CYCESTRENSI
1655 415 1839 447 EISDEM

288 488 432 519 ANNo
484 488 568 518 DIE
622 488 683 518 ET
736 487 861 519 Loco
914 486 1349 519 PRESENTATORUM
1396 486 1487 516 PER
1535 484 1837 516 OFFICIALEM

290 547 686 589 CYCESTRENSEM
749 557 811 587 ET
873 557 964 587 PER
1028 555 1268 587 LITTERAS
1336 554 1553 586 EPISCOPI
1617 554 1838 594 EJUSDEM

290 625 504 666 QUARUM
538 625 707 656 TENOR
741 625 881 656 TAL1s
915 624 1011 656 EST.

291 696 345 745 S„
369 697 648 737 miseratione
670 696 818 736 divina
837 696 1138 748 Cycestrensis
1155 695 1401 748 episcopus,
1419 693 1581 734 dilecto
1604 693 1647 732 in
1666 692 1841 733 Christo

175 764 263 804 filio
293 765 504 818 magistro
528 765 594 804 W.
618 764 672 804 de
706 765 1004 817 Cruceroysia,
1027 763 1201 803 officiali
1235 769 1397 811 nostro,
1420 762 1618 810 salutem,
1641 761 1841 813 gratiam,

174 841 218 874 et
259 834 624 874 benedictionem.
694 833 767 873 Ad
805 833 1145 881 admittendum,
1180 832 1422 872 secundum
1466 830 1585 883 quod
1626 830 1839 883 expedire

175 902 381 952 videritis,
414 903 594 942 clericos
632 909 779 942 nostre
815 902 1002 942 diocesis
1038 901 1320 950 ordinandos,
1353 907 1396 941 et
1437 899 1616 940 eosdem
1660 898 1842 938 domino

176 971 480 1013 Cantuariensi
496 971 826 1024 archiepiscopo
842 970 1198 1023 presentandum,
1213 969 1268 1009 ad
1284 971 1609 1021 susceptionem
1627 967 1843 1016 ordinum,

175 1041 269 1080 vice
291 1046 452 1088 nostra,
475 1039 650 1092 plenam
674 1039 766 1088 tibi,
789 1046 941 1079 tenore
965 1039 1247 1091 presentium,
1271 1037 1554 1077 concedimus
1578 1037 1620 1076 in
1648 1036 1844 1076 Domino

176 1115 453 1162 potestatem.
520 1109 569 1148 In
588 1108 712 1161 cujus
736 1109 794 1147 rei
817 1108 1120 1148 testimonium
1140 1107 1331 1159 sigillum
1351 1112 1549 1146 nostrum
1569 1105 1844 1158 presentibus

175 1185 242 1219 est
263 1191 521 1231 appensum.
587 1178 755 1217 Datum
779 1177 895 1230 apud
920 1177 1113 1218 Cacham
1136 1177 1245 1228 (sic)
1268 1175 1364 1227 xiij0
1388 1175 1470 1214 kal.
1491 1174 1710 1222 Octobris,
1728 1188 1844 1213 anno

179 1247 360 1288 Domini
385 1246 635 1286 mcc⁰lxxx⁰
657 1247 823 1299 quinto.

884 1303 1146 1344 ACOLITos.

294 1374 493 1414 Fratrem
519 1372 759 1413 Ricardum
782 1372 837 1413 de
863 1373 1074 1424 Bouenye
1096 1371 1151 1411 de
1178 1370 1486 1410 Micheleham.

291 1442 541 1495 Johannem
567 1443 684 1494 Page
706 1441 762 1481 de
785 1441 1051 1494 Woghham.

296 1510 535 1551 Ricardum
561 1511 677 1564 Foty
699 1510 754 1551 de
780 1510 908 1550 Iford.

293 1580 544 1633 Johannem
568 1579 623 1620 de
646 1579 839 1633 Campis.

299 1649 543 1689 Robertum
568 1648 806 1689 Garlaund.

835 1717 1198 1758 SussmACONos.

297 1787 543 1827 Walterum
569 1786 863 1826 Franciscum.

298 1855 522 1908 Nigellum
546 1854 601 1895 de
625 1854 859 1895 Coumbes.

295 1924 544 1977 Johannem
568 1923 624 1964 de
647 1924 812 1965 Sancto
837 1923 1088 1963 Edmundo.

299 1994 522 2046 Rogerum
547 1992 602 2033 de
626 1993 880 2045 Sengelton.

296 2063 545 2116 Johannem
571 2061 835 2115 Springaud.

301 2132 542 2171 Martinum
566 2130 733 2171 dictum
760 2131 1042 2170 Monachum.

884 2215 1079 2256 DIACON
1088 2224 1154 2255 os.

302 2275 545 2315 Henricum
569 2273 624 2313 de
649 2274 787 2314 Bixle.

299 2343 572 2384 Willelmum
595 2342 650 2383 de
675 2343 811 2383 Dene.

298 2413 548 2466 Johannem
573 2411 713 2452 Miles.

303 2482 547 2522 Robertum
571 2481 626 2521 de
651 2481 836 2521 Findon.

302 2551 560 2599 Robertum,
583 2556 793 2590 rectorem
819 2549 874 2589 de
899 2549 1095 2589 Perham.

303 2619 531 2660 Simonem
555 2619 611 2659 de
635 2618 836 2671 Fyndon.

300 2688 550 2741 Johannem
578 2687 798 2728 Lambert.

849 2756 1195 2796 PREssslTERos.

304 2814 502 2854 Fratrem
525 2814 758 2854 Thomam.

304 2882 544 2923 Ricardum
566 2882 622 2923 de
646 2882 779 2922 Bello.

305 2951 568 2992 Nicholaum
593 2951 782 2992 Peverel.

306 3019 569 3060 Nicholaum
592 3019 648 3059 de
674 3019 878 3059 Hamme.

305 3089 533 3130 Simonem
557 3087 781 3129 Coleman.

306 3153 545 3199 Ricardum
568 3156 623 3196 de
647 3156 770 3198 Dale.
