2023 3453
145 197 241 228 A.D.
273 199 288 228 Ι
302 185 359 228 28
375 182 418 245 Ι]
587 184 640 229 Α
649 183 963 245 rclzz'epz'scopz'
987 183 1374 230 cantuariensis.
1714 199 1729 227 1
1743 197 1765 239 7
1776 195 1800 241 7

229 339 307 380 [Fo.
331 341 382 380 98.

145 398 300 440 [Littera
317 340 493 442 capisam&
507 400 659 442 against
671 400 860 443 Regz'nald
872 400 915 433 de
931 400 1167 443 Schamzlon]

261 472 483 512 LITTERA
510 482 770 514 CAPTIONIS
798 482 998 513 CONTRA
1027 473 1370 513 REGINALDUM
1399 481 1463 511 DE
1487 472 1801 513 SCHAUNTON

144 540 528 582 COVENTRENSIS
561 541 988 582 DIOCESIS.—Anno
1020 541 1175 581 eodem
1209 541 1326 594 apud
1365 541 1702 593 Suthmallinge,
1733 539 1803 580 die

146 608 348 649 Mercurii
390 611 595 662 proxima
637 616 736 663 post
777 610 936 649 festum
981 609 1131 650 Sancti
1186 610 1355 658 Hilarii,
1397 609 1619 649 emanavit
1660 609 1803 649 littera

143 678 358 730 captionis
400 679 443 718 in
484 678 625 718 forma
666 684 887 726 consueta,
928 685 1080 718 contra
1124 678 1420 731 Reginaldum
1455 677 1510 718 de
1548 677 1802 726 Scaummn,

143 745 453 787 Coventrensis
474 754 518 787 et
543 746 860 787 Lichfeldensis
882 746 1079 795 diocesis,
1103 747 1157 786 ad
1185 747 1441 787 instantiam
1476 747 1726 799 Margarete
1747 746 1803 786 de

147 815 429 864 Honnihulle,
474 815 529 855 ad
581 816 882 855 testimonium
937 815 1133 855 officialis
1185 815 1352 855 domini
1405 815 1715 856 Coventrensis
1760 823 1804 855 et

145 883 475 932 Lichfeldensis‚
507 884 629 936 cujus
662 884 805 924 littere
837 891 1065 924 remanent
1098 898 1231 936 penes
1264 884 1493 924 dominum
1527 885 1569 923 in
1603 884 1804 924 custodia

143 952 320 992 domini.

257 1067 421 1121 [Letter
446 1074 485 1107 to
514 1067 581 1107 tlze
612 1064 785 1120 Slzergff
801 1069 854 1119 os
878 1068 1103 1107 lsVarwz‘ck.
1165 1068 1324 1120 Regisl.
1348 1068 1485 1120 Epist.
1506 1068 1551 1122 s.
1577 1067 1804 1116 Pecklzam,

142 1136 167 1185 2⁰,
190 1136 248 1176 28
277 1170 283 1176 .

244 1136 421 1258 {lietter
440 1212 479 1245 to
500 1206 706 1245 Edward
721 1205 754 1245 l.
817 1205 937 1254 lbz'a'„
961 1206 986 1254 ἰ,
1009 1204 1125 1258 286]

141 1318 301 1359 [Licence
316 1321 350 1351 lo
371 1319 408 1351 T.
425 1318 468 1352 de
491 1318 672 1362 Weyland
683 1318 763 1351 and
775 1318 1034 1362 otlzerjustz'ces
1050 1322 1083 1352 to
1100 1318 1190 1351 lzola'
1200 1329 1248 1350 an
1265 1318 1406 1361 assim]

255 1393 578 1445 JUSTICIARHS
621 1402 806 1433 DOMINI
850 1393 1002 1433 REGIS
1046 1401 1138 1432 PRO
1184 1393 1372 1432 PRIORE
1417 1402 1478 1432 ET
1523 1393 1804 1433 CONVENTU

141 1471 206 1501 DE
261 1462 843 1502 HUNTINGDON.—Frater
892 1462 1129 1514 Johannes,
1177 1462 1463 1514 permissione
1515 1462 1675 1509 divina,
1716 1469 1807 1511 eto,

142 1531 276 1571 nobili
302 1532 394 1571 viro
428 1531 609 1571 domino
642 1531 815 1571 Thome
848 1530 903 1570 de
934 1530 1167 1582 VVeyland,
1198 1538 1241 1570 et
1276 1531 1403 1570 sociis
1436 1530 1530 1583 ejus
1557 1531 1806 1583 justiciariis

141 1600 309 1639 domini
334 1600 468 1653 Regis
491 1599 546 1639 de
572 1599 725 1649 banco,
749 1600 947 1649 salutem,
970 1600 1170 1652 gratiam,
1193 1606 1237 1639 et
1267 1599 1632 1639 benedictionem.
1695 1599 1806 1640 Cum

142 1669 331 1722 religiosi
381 1669 471 1717 viri,
523 1669 639 1721 prior
694 1675 737 1708 et
789 1675 1031 1708 conventus
1087 1668 1398 1708 canonicorum
1455 1668 1808 1721 Huntingdunie,

142 1738 450 1777 arainiaverint
479 1738 661 1777 assisam
692 1737 845 1777 ultime
881 1737 1218 1790 presentationis
1252 1737 1293 1776 in
1322 1737 1440 1776 curia
1472 1736 1639 1776 domini
1675 1737 1809 1790 Regis

143 1821 272 1860 super
300 1807 483 1847 ecclesia
504 1806 559 1846 de
587 1806 740 1855 Sumo,
763 1820 812 1846 ac
841 1805 1006 1846 eisdem
1038 1806 1261 1858 religiosis,
1285 1812 1332 1845 ut
1362 1813 1573 1855 asserunt,
1597 1820 1807 1859 magnum

142 1877 343 1916 imineret
360 1876 613 1928 periculum,
629 1876 662 1915 si
681 1875 933 1928 hujusmodi
952 1876 1134 1915 assisam
1152 1889 1289 1927 usque
1308 1881 1407 1927 post
1425 1875 1808 1928 quadragesimam

143 1946 418 1998 contingeret
451 1945 686 1998 prorogari,
708 1951 859 1984 tenore
890 1945 1157 1997 presentium
1190 1944 1367 1996 plenam
1401 1950 1444 1983 et
1475 1944 1654 1984 liberam
1686 1944 1809 1984 vobis

143 2013 425 2053 concedimus
443 2013 696 2053 facultatem
723 2020 780 2062 ut,
798 2027 884 2052 non
909 2013 1113 2053 obstante
1137 2011 1389 2063 hujusmodi
1413 2013 1809 2065 quinquagesimali

143 2082 210 2122 vel
242 2082 611 2135 quadragesimali
642 2088 852 2135 tempore,
879 2082 1043 2122 dictam
1078 2081 1272 2130 assisam,
1304 2081 1449 2121 Deum
1483 2081 1696 2121 habentes
1734 2096 1809 2134 pre

143 2151 291 2200 oculis,
333 2152 522 2204 recipere
564 2151 754 2191 valeatis.
833 2152 881 2191 In
925 2151 1049 2203 cujus
1084 2151 1142 2191 rei
1184 2151 1487 2190 testimonium
1531 2151 1807 2203 presentibus

143 2219 297 2260 litteris
339 2220 529 2273 sigillum
573 2226 770 2260 nostrum
813 2227 879 2260 est
920 2233 1177 2273 appensum.
1240 2219 1410 2260 Valete.
1479 2219 1647 2259 Datum
1691 2219 1808 2272 apud

146 2289 403 2339 Mortelake,
453 2290 494 2329 vi
537 2288 633 2329 idus
686 2289 922 2339 Februarii,
966 2302 1083 2328 anno
1131 2289 1313 2328 Domini
1366 2287 1491 2328 m⁰cc⁰
1533 2289 1805 2340 octogesimo

144 2358 296 2410 primo.

259 2425 391 2478 [This
429 2426 551 2466 letter
589 2426 627 2465 z's
667 2426 833 2465 crossed
868 2432 947 2466 ont.
1023 2425 1077 2465 ln
1119 2425 1188 2465 tlte
1229 2425 1350 2478 mgrlzt
1387 2425 1511 2464 leand
1556 2425 1729 2477 margin
1772 2425 1809 2464 is

146 2494 317 2534 written
338 2495 531 2535 .·-—“Iste
554 2508 642 2534 non
671 2495 902 2535 exierunt''
922 2510 930 2544 ;
963 2494 1056 2535 and
1073 2495 1117 2534 z'n
1141 2494 1209 2534 tlze
1229 2494 1307 2546 left
1327 2494 1479 2534 hand:
1510 2494 1683 2534 “Vacat
1706 2494 1809 2546 quia

147 2577 235 2603 non
257 2565 480 2604 emanavit
502 2563 578 2604 sed
602 2563 682 2604 fuit
704 2564 962 2617 revocata.”]

262 2631 333 2684 [ln
351 2647 377 2671 a
398 2633 509 2672 later
523 2633 646 2672 lzand
659 2636 752 2672 .·—“
765 2633 932 2673 Littera
951 2632 1202 2684 justiciariis
1219 2631 1444 2685 quomodo
1461 2632 1557 2684 quis
1575 2638 1667 2671 erat
1685 2630 1809 2670 abso-

147 2700 263 2740 lutus
294 2714 370 2753 per
396 2700 771 2753 archiepiscopum
799 2701 854 2741 de
879 2701 1260 2741 administratione
1286 2700 1539 2741 testamenti
1563 2699 1654 2739 vult
1681 2700 1812 2752 igitur

147 2769 353 2809 dominus
376 2769 731 2822 archiepiscopus
753 2770 871 2822 quod
896 2783 983 2810 non
1002 2777 1189 2811 vexetur
1205 2783 1352 2814 coram
1373 2767 1676 2821 justiciariis.'']

148 2882 202 2923 [T
198 2892 218 2915 o
226 2881 265 2923 J.
282 2881 325 2914 de
347 2881 507 2915 Vallz'bus
521 2883 601 2915 and
619 2883 671 2916 W.
688 2882 731 2916 de
748 2883 895 2923 Salzam,
904 2884 1065 2927 justz'ces,
1085 2884 1123 2915 ist
1130 2883 1279 2926 favour
1292 2881 1443 2925 ossolm
1460 2880 1699 2922 Atlzelwold]

264 2949 364 2989 PRO
389 2950 633 3002 JOHANNE
663 2960 811 2991 DICTo
839 2951 1165 2991 ATHELWOLD
1200 2950 1548 2990 NORWICENSIS
1581 2956 1810 2989 DIOCESIS.

148 3018 361 3058 ——Frater
399 3019 634 3070 Johannes,
675 3026 767 3068 etc.‚
808 3019 978 3060 dilectis
1020 3019 1100 3059 sibi
1144 3020 1186 3058 in
1230 3018 1404 3059 Christo
1445 3017 1635 3057 dominis
1676 3017 1712 3069 J.
1755 3018 1810 3057 de

151 3086 365 3136 Vallibus,
387 3094 430 3127 et
461 3088 527 3128 W.
557 3088 611 3128 de
642 3088 819 3137 Saliam,
849 3103 898 3128 ac
928 3089 1081 3128 ceteris
1111 3088 1279 3128 domini
1311 3087 1445 3138 Regis
1476 3085 1739 3137 justiciariis,
1766 3092 1811 3125 et

153 3155 361 3195 ministris
394 3155 605 3206 fidelibus,
638 3157 693 3196 ad
725 3171 834 3210 quos
868 3164 1091 3209 presentes
1121 3157 1262 3197 littere
1297 3156 1585 3209 pervenerint,
1613 3154 1810 3204 salutem,

239 3236 583 3261 CANTERBURY.—1.
1703 3235 1726 3259 N
