2023 3453
155 197 252 230 A.D.
290 200 305 230 1
320 200 342 230 2
351 182 378 230 8
387 179 435 247 2]
606 179 658 229 Α
666 176 982 244 rchz'epz'scopz‘
1006 176 1394 228 Cantuariensi&
1727 194 1742 224 1
1755 176 1781 224 8
1789 193 1813 237 3

273 342 613 382 Memorandum
647 341 765 394 quod
808 354 955 381 coram
998 339 1135 388 nobis,
1178 338 1308 378 fratre
1349 336 1563 390 Johanne,
1605 336 1816 389 gardiano

153 410 334 450 fratrum
355 411 571 450 minorum
594 411 937 458 Londoniarum,
954 408 1163 457 Gilberto,
1179 407 1447 447 thesaurario
1462 405 1642 445 ecclesie
1658 405 1816 457 Cyces-

153 480 322 528 trensis,
352 478 600 532 Radulpho,
631 479 891 519 cancellario
920 477 1101 517 ecclesie
1137 476 1288 518 Sancti
1325 475 1446 515 Pauli
1473 474 1816 522 Londoniarum,

152 554 197 588 et
221 548 533 588 Bartholomeo
552 548 606 588 de
631 548 853 597 Lardario,
877 546 933 587 ad
966 545 1235 586 audiendum
1268 551 1312 585 et
1334 542 1662 597 expediendum
1696 556 1813 582 com-

154 623 307 669 potum
349 623 638 657 executorum
690 616 944 657 testamenti
996 615 1110 655 bone
1162 613 1372 654 memorie
1412 612 1580 652 domini
1623 611 1818 660 Wasteri,

154 685 379 738 quondam
415 685 636 725 Roffensis
667 685 874 738 episcopi,
907 699 931 724 a
963 683 1201 724 venerabili
1235 689 1358 736 patre
1390 681 1572 721 domino
1602 680 1817 733 Johanne,

157 754 241 794 Dei
282 754 424 807 gratia
466 753 782 794 Cantuariense
834 753 1176 805 archiepiscopo,
1218 751 1352 792 totius
1405 749 1568 803 Anglie
1619 749 1817 802 primate,

154 822 395 862 secundum
438 822 578 862 forma
620 822 943 862 commissionis
985 827 1132 861 nostre
1183 820 1430 873 specialiter
1471 818 1706 872 deputatis,
1747 818 1817 858 die

157 892 360 931 Mercurii
402 892 607 944 proxima
659 900 758 944 post
810 891 970 930 festum
1026 889 1177 931 Sancti
1229 888 1443 941 Johannis
1495 894 1598 928 ante
1640 894 1813 941 portam

156 960 373 1009 Latinam,
396 973 495 1000 cum
529 960 860 1000 continuatione
893 965 936 999 et
969 958 1279 1011 prorogatione
1301 957 1469 997 dierum
1493 971 1518 996 a
1539 956 1609 996 die
1632 956 1818 997 Veneris

153 1028 319 1068 dictum
343 1029 503 1069 festum
528 1030 734 1082 proxima
756 1028 1031 1082 precedente,
1054 1041 1170 1068 anno
1195 1027 1376 1067 Domini
1401 1032 1528 1066 m⁰cc⁰
1545 1026 1817 1078 octogesimo

152 1097 358 1146 secundo,
390 1098 433 1137 in
471 1097 640 1151 capella
676 1097 781 1137 dicti
820 1097 1066 1137 cancellarii
1108 1096 1434 1136 Londoniensis
1476 1100 1816 1147 comparuerunt

150 1166 438 1219 personaliter
460 1167 669 1219 magister
694 1166 941 1206 VVillelmus
965 1165 1019 1206 de
1043 1165 1218 1214 Ewelle,
1241 1165 1476 1204 canonicus
1510 1163 1661 1205 Sancti
1697 1162 1818 1202 Pauli

154 1234 500 1284 Londoniarum,
533 1235 758 1287 Johannes
801 1234 856 1274 de
901 1235 1140 1283 Merstune,
1175 1233 1401 1286 Johannes
1438 1232 1493 1272 de
1535 1231 1818 1284 Catheleyne,

153 1304 426 1357 Ranulphus‚
450 1311 686 1357 perpetuus
713 1304 898 1344 vicarius
931 1303 986 1343 de
1010 1303 1232 1351 GreneWZ,
1254 1308 1298 1342 et
1331 1301 1593 1354 Radulphus
1625 1300 1680 1340 de
1714 1301 1819 1353 Rip-

152 1373 419 1426 plingeham,
461 1373 654 1422 clericus,
696 1379 739 1413 et
793 1372 1042 1413 Willelmus
1097 1372 1318 1420 Dudekin‚
1360 1371 1507 1419 laicus,
1558 1376 1817 1410 executores

151 1442 405 1482 testamenti
439 1442 636 1494 predicti,
658 1448 702 1482 et
734 1448 990 1494 compotum
1024 1440 1420 1481 administrationis
1452 1453 1528 1479 sue
1550 1438 1654 1478 dicti
1687 1445 1818 1478 testa-

152 1511 300 1560 menti,
333 1510 508 1559 scilicet‚
531 1511 586 1551 de
617 1511 805 1551 inventis
832 1510 1037 1550 omnibus
1069 1517 1112 1551 et
1146 1509 1329 1563 singulis
1362 1509 1404 1548 in
1438 1508 1563 1548 bonis
1596 1508 1818 1548 testatoris

152 1578 347 1632 predicti,
371 1586 460 1619 tam
496 1580 536 1619 in
573 1580 797 1633 provincia
821 1579 1127 1620 Cantuariensi
1155 1593 1287 1632 quam
1314 1577 1596 1626 Eboracensi,
1618 1590 1697 1617 nec
1730 1590 1818 1616 non

153 1654 196 1687 et
218 1647 379 1688 funeris
403 1648 613 1701 impensis
636 1648 796 1689 debitis
829 1648 1129 1697 creditoribus,
1153 1647 1403 1701 sumptibus
1426 1646 1682 1686 necessariis
1705 1645 1818 1685 circa

151 1716 460 1756 executionem
499 1716 604 1757 dicti
637 1717 891 1757 testamenti
925 1717 1062 1766 factis,
1093 1717 1249 1769 legatis
1280 1723 1324 1756 et
1358 1715 1458 1756 fidei
1493 1714 1739 1755 commissis
1773 1713 1815 1753 in

151 1784 308 1825 eodem
332 1791 600 1825 testamento
623 1785 795 1834 relictis,
819 1792 1021 1838 presente
1050 1785 1338 1838 personaliter
1360 1785 1572 1837 magistro
1605 1784 1737 1823 Petro
1760 1781 1817 1822 de

152 1853 409 1903 Abbindon,
432 1854 615 1894 custode
637 1854 796 1894 domus
829 1855 1063 1894 scolarium
1086 1854 1141 1894 de
1175 1855 1389 1903 Mertone‚
1413 1853 1602 1901 Oxonie,
1626 1851 1818 1905 plenarie

152 1921 449 1972 reddiderunt,
472 1923 630 1975 quibus
663 1923 834 1976 plenius
866 1924 968 1963 visis
1002 1929 1046 1963 et
1078 1923 1312 1976 diligenter
1344 1921 1623 1969 examinatis,
1656 1919 1818 1960 auditis

151 1990 283 2031 etiam
318 1997 361 2031 et
393 1991 627 2032 intellectis
660 2006 744 2045 que
776 1992 919 2032 dictus
963 1992 1172 2044 magister
1207 1993 1360 2031 Petrus
1403 2003 1649 2044 proponere
1682 1989 1819 2028 voluit

151 2058 314 2099 funeris
348 2059 570 2112 impensas
608 2060 779 2100 debitas
812 2060 1113 2109 creditoribus,
1150 2066 1352 2112 sumptus
1396 2059 1662 2099 necessarios
1699 2058 1813 2097 circa

150 2128 460 2168 executionem
498 2128 603 2169 dicti
635 2129 889 2169 testamenti
922 2129 1073 2177 factos,
1107 2142 1132 2168 a
1168 2128 1239 2168 die
1280 2128 1424 2168 obitus
1458 2127 1562 2167 dicti
1595 2126 1817 2166 testatoris

152 2210 288 2249 usque
320 2196 459 2249 pridie
492 2211 631 2237 nonas
667 2198 773 2238 Maii
806 2211 922 2237 anno
956 2198 1138 2237 Domini
1171 2197 1435 2250 supradicto,
1459 2196 1604 2249 legata
1635 2202 1679 2236 et
1716 2194 1815 2235 fidei

149 2266 386 2305 commissa
437 2266 480 2306 in
532 2273 801 2307 testamento
854 2267 1014 2315 relicta,
1060 2272 1188 2320 prout
1240 2266 1318 2306 hec
1364 2266 1514 2305 omnia
1564 2266 1607 2305 in
1660 2265 1812 2304 rotulis

150 2334 435 2387 originalibus
454 2335 559 2375 dicti
583 2336 778 2389 compoti
802 2336 844 2375 in
864 2336 1135 2376 thesauraria
1154 2336 1305 2377 Sancti
1326 2335 1448 2375 Pauli
1470 2334 1813 2383 Londoniarum,

151 2404 480 2444 remanentibus
503 2405 630 2457 copia
651 2404 904 2454 eorundem,
927 2411 1018 2445 tam
1043 2419 1068 2444 a
1090 2411 1213 2457 parte
1235 2404 1452 2444 dictorum
1477 2403 1674 2456 magistri
1698 2403 1813 2442 Petri

154 2485 287 2524 quam
320 2480 610 2514 executorum
647 2475 764 2527 prius
797 2474 980 2514 obtenta
1012 2474 1185 2527 plenius
1215 2474 1507 2522 continentur,
1539 2471 1812 2512 decrevimus

150 2540 382 2582 allocanda
404 2556 454 2582 ac
477 2544 597 2583 omni
624 2543 782 2583 effectu
805 2543 965 2583 deberi.
1030 2543 1098 2583 De
1121 2542 1279 2595 quibus
1302 2556 1436 2595 quum
1460 2541 1588 2582 fuerit
1620 2541 1813 2594 plenarie

152 2609 440 2659 satisfactum,
473 2612 765 2652 remanebunt
800 2611 943 2651 adhuc
986 2612 1027 2651 in
1061 2611 1187 2651 bonis
1221 2611 1415 2651 defuncti
1450 2611 1595 2650 Dcccc
1628 2609 1740 2649 lxxv
1772 2609 1810 2648 li.

150 2677 212 2730 ijs.
233 2678 291 2730 jd.
315 2685 370 2730 qa.
403 2678 457 2719 de
489 2680 648 2732 quibus
682 2680 812 2720 iidem
847 2687 1108 2721 executores
1139 2679 1404 2732 respondere
1435 2685 1650 2719 tenentur.
1714 2677 1813 2730 Que

151 2747 335 2798 pecunie
377 2761 550 2787 summa
591 2755 634 2788 et
675 2749 760 2788 alia
802 2749 918 2788 bona
961 2762 1049 2788 non
1092 2748 1212 2787 nulla
1247 2748 1301 2787 ad
1345 2748 1511 2787 dictum
1554 2746 1810 2786 defunctum

380 2817 638 2868 spectantia,
670 2823 718 2856 ut
752 2817 884 2857 iidem
920 2823 1120 2856 asserunt
1156 2823 1428 2863 executores,
1461 2828 1548 2854 non
1583 2813 1700 2867 apud
1737 2827 1812 2853 eos

150 2889 356 2933 [F0.103b.]
381 2884 456 2924 secl
490 2885 532 2924 in
576 2886 826 2925 nominibus
867 2892 958 2925 tam
1001 2886 1043 2924 in
1086 2885 1309 2937 provincia
1340 2883 1645 2924 Cantuariensi
1677 2896 1810 2935 quam

382 2953 650 2994 Eboracensi
683 2955 932 3003 existentia,
964 2954 1107 2993 adhuc
1141 2959 1306 2993 restant
1348 2951 1543 2992 levanda.
1621 2951 1694 2991 Ad
1731 2951 1810 2991 hec

152 3021 377 3062 sciendum
416 3023 533 3074 quod
568 3022 622 3062 de
665 3023 870 3075 predictis
912 3022 1071 3062 debitis
1107 3022 1316 3074 expensis
1349 3027 1393 3060 et
1428 3020 1595 3073 legatis,
1630 3033 1725 3072 que,
1762 3026 1809 3059 ut

152 3090 411 3143 premissum
440 3097 517 3138 est,
540 3104 639 3130 cum
672 3090 830 3131 effectu
865 3090 1013 3130 deberi
1040 3097 1083 3130 et
1112 3089 1287 3128 allocari
1316 3088 1589 3128 decrevimus
1612 3095 1809 3141 tempore

151 3158 344 3211 compoti
377 3157 573 3209 predicti,
606 3172 694 3198 non
721 3166 814 3199 erat
841 3159 1034 3210 plenarie
1067 3157 1352 3206 satisfactum,
1385 3157 1488 3209 quia
1522 3156 1718 3196 nondum
1754 3157 1808 3197 ad
