2023 3453
226 181 249 223 2
259 181 320 237 36)
625 177 913 240 Regz'slrmn
936 167 1192 241 joliannis
1228 167 1443 225 Peclzam
1615 167 1733 241 [AD.
1768 170 1886 224 1286

336 337 561 389 Johannes
585 337 728 377 dictus
749 331 962 389 Attegate
986 336 1028 375 in
1053 336 1320 390 Cherrynge.

340 405 558 445 Robertus
582 405 636 445 de
661 405 1061 458 VVythrichesham.

336 474 561 525 Johannes
584 474 640 514 de
667 474 871 513 Hicham.

334 543 560 595 Johannes
582 542 638 582 de
663 542 893 582 Romenal.

333 610 559 662 Johannes
581 609 636 649 de
662 610 800 648 Parva
823 609 968 657 Chert‚
992 615 1269 661 presentatus
1293 623 1369 661 per
1390 607 1759 648 archidiaconum.

1358 444 1569 496 exempti.

895 722 1220 763 SUBDIACONI.

337 813 482 853 Adam
507 812 562 852 de
587 813 768 866 Bregge,
791 812 846 852 ad
871 812 1046 853 titulum
1072 813 1323 866 patrimonii
1347 813 1423 852 sui.
1510 812 1673 864 recepti
1725 825 1801 864 per

331 881 556 934 Johannes
580 881 797 930 Duraunt‚
820 881 875 921 ad
899 882 1075 922 titulum
1100 882 1337 935 proprium.
1484 818 1499 921 i
1538 881 1780 921 dominum.

332 950 558 1002 Johannes
580 949 635 989 de
669 949 822 1003 Bidyc‚
847 949 1161 990 Dunelmensis
1187 950 1386 998 diocesis,
1410 963 1487 1002 per
1520 949 1687 990 litteras
1714 949 1888 989 dimiss—

218 1020 331 1059 orias
373 1019 438 1059 sui
481 1019 717 1069 diocesani,
753 1019 973 1059 admissus
1015 1019 1070 1060 de
1112 1020 1324 1060 mandato
1361 1019 1528 1059 domini
1571 1018 1888 1071 archiepiscopi

220 1088 561 1130 Cantuariensis.

332 1158 529 1197 Thomas
572 1157 627 1197 de
672 1157 875 1206 Borham,
918 1157 972 1197 ad
1016 1157 1193 1197 titulum
1237 1157 1490 1210 patrimonii
1532 1157 1609 1206 sui,
1648 1170 1723 1209 per
1765 1156 1888 1196 testi-

218 1227 415 1266 monium
439 1226 606 1266 domini
632 1227 748 1267 Petri
771 1226 826 1267 de
850 1226 1133 1275 Guldeforde‚
1156 1227 1335 1267 rectoris
1358 1226 1413 1266 de
1438 1225 1797 1279 Bissopesburne.

940 1331 1172 1372 DIACONI.

332 1406 587 1459 Stephanus
610 1405 665 1446 de
689 1405 838 1447 Stone.

333 1475 550 1516 Ricardus
573 1475 611 1515 le
638 1475 880 1525 Faukener,
904 1481 1044 1515 rector
1065 1475 1249 1516 ecclesie
1271 1475 1326 1515 de
1351 1475 1664 1528 Kyngesende.

333 1545 581 1585 Willelmus
606 1545 817 1598 Burgeys,
839 1545 894 1585 ad
922 1545 1098 1585 titulum
1132 1545 1348 1598 Johannis
1385 1544 1507 1594 Holt,
1530 1544 1637 1584 alias
1660 1543 1888 1584 ordinatus

217 1613 260 1652 in
284 1614 665 1654 subdiaconatum.

331 1683 580 1723 Willelmus
607 1683 825 1732 Preditan,
847 1683 903 1724 ad
926 1683 1103 1723 titulum
1129 1683 1365 1736 proprium.

903 1793 1213 1833 PRESBITERI.

331 1883 590 1932 Willelmus,
614 1890 755 1923 rector
776 1883 959 1923 ecclesie
982 1883 1037 1923 de
1063 1883 1319 1923 Broclonde.

332 1952 579 1993 Willelmus
614 1952 669 1992 de
705 1952 1054 2006 Schotingdone,
1081 1951 1137 1992 ad
1167 1952 1344 1992 titulum
1379 1953 1533 2005 prioris
1567 1960 1611 1993 et
1643 1959 1887 1993 conventus

218 2021 420 2061 Dovorie.

334 2091 486 2131 Petrus
509 2090 563 2131 de
586 2091 801 2139 Valoniis,
825 2098 966 2131 rector
987 2091 1170 2131 ecclesie
1192 2090 1247 2131 de
1272 2090 1627 2143 Kenardington.

336 2161 562 2214 Philippus
588 2161 736 2211 Lovel,
760 2168 900 2202 rector
922 2161 1104 2202 ecclesie
1127 2160 1182 2201 de
1205 2160 1607 2214 Wythrichesham.

331 2231 529 2271 Thomas
571 2231 626 2271 de
660 2231 822 2281 Ottele,
856 2231 1166 2284 Norwycensis
1198 2230 1395 2279 diocesis,
1428 2244 1505 2283 per
1535 2229 1794 2278 dimissoria,
1827 2228 1883 2269 ad

215 2300 391 2340 titulum
415 2306 459 2340 et
483 2301 856 2352 presentationem
881 2300 1077 2353 magistri
1099 2299 1200 2340 Ade
1222 2299 1276 2340 de
1303 2299 1452 2349 Hales,
1467 2305 1510 2339 et
1533 2299 1640 2338 alias
1663 2298 1885 2338 admissus

217 2369 273 2408 ad
297 2369 554 2408 instantiam
578 2368 789 2421 ejusdem.

335 2438 548 2490 Magister
587 2438 832 2490 Reynerius
870 2438 925 2478 de
969 2437 1210 2485 Florencia,
1254 2443 1395 2477 rector
1435 2436 1616 2477 ecclesie
1658 2435 1714 2476 de
1755 2436 1887 2485 Hese,

220 2506 544 2546 Londoniensis
568 2505 765 2547 diocesis.

333 2574 497 2627 [Letler
523 2582 562 2615 to
592 2575 660 2615 tlze
682 2576 805 2615 Decm
828 2577 882 2628 of
903 2576 971 2616 tlte
993 2576 1166 2616 Arclzes.
1228 2576 1389 2628 Regz'st.
1413 2575 1551 2626 Epist.
1575 2574 1620 2628 J.
1656 2574 1885 2623 Pecklzam,

219 2644 281 2693 iii,
302 2644 419 2698 924]

334 2713 498 2767 [Leller
517 2720 557 2753 to
579 2713 647 2754 tlte
673 2714 842 2767 Officz'al
858 2715 912 2766 os
923 2715 1017 2766 Ely.
1080 2714 1201 2763 llud,
1223 2713 1284 2763 iii,
1307 2712 1422 2768 925]

306 2854 383 2895 [Fo.
408 2855 519 2895 121b.]

217 2935 452 2979 [ordination
470 2939 510 2968 at
530 2936 783 2978 bisimbledon]

216 3021 444 3062 ORDINES
467 3030 742 3061 CELEBRATI
768 3031 820 3062 IN
843 3022 1087 3063 ECCLESIA
1104 3030 1440 3062 PARROCHIALI
1465 3031 1529 3061 DE
1546 3021 1880 3061 WYMBELDON

333 3089 732 3130 WvNToNIENSIs
796 3091 1027 3131 DIOCEsls
1088 3099 1172 3130 DIE
1236 3098 1481 3130 SABBATHI
1544 3098 1766 3130 SCILICET
1829 3098 1881 3128 IN

332 3158 535 3197 VIGILIA
560 3158 760 3199 SANCTE
784 3160 1081 3200 TRINITATIS
1103 3160 1184 3210 VJ¹0
1211 3160 1327 3199 IDUS
1349 3159 1491 3211 JUNII
1519 3167 1662 3198 ANNo
1687 3158 1882 3198 DOMINI
