2023 3453
178 184 190 213 1
206 183 229 228 5
238 170 265 214 8
571 166 859 229 Regz'strum
883 165 1140 229 solzannz's
1175 165 1389 211 Peclzam
1562 164 1626 228 [A.
1636 182 1681 212 D.
1718 183 1732 211 1
1748 182 1770 212 2
1779 168 1806 212 8
1816 183 1839 212 2

168 335 609 376 SEQUESTRANDUM
636 334 860 366 FRUCTUS
880 333 1103 374 EJUSDEM
1128 324 1844 377 ECCLESIE.—-FraterJohannes,

168 402 261 445 etc.‚
292 395 455 436 dilecto
488 395 577 435 filio
609 394 778 435 decano
810 393 866 434 de
900 393 1153 445 Riseberge,
1181 393 1381 442 salutem,
1409 394 1610 446 gratiam,
1636 400 1680 434 et
1712 394 1842 434 bene-

168 464 420 505 dictionem.
484 463 839 506 Sollicitudinem
867 469 1003 512 tuam,
1026 462 1139 502 circa
1161 476 1213 502 ea
1240 476 1325 515 que
1350 463 1431 502 tibi
1461 476 1600 516 nuper
1622 464 1843 503 commisi-

170 548 267 574 mus
301 531 578 585 exequenda,
608 532 846 585 plurimum
884 532 927 570 in
965 530 1148 570 domino
1186 530 1563 581 commendantes,
1591 531 1843 572 discretioni

170 609 244 643 tue
268 603 426 642 iterato
453 601 774 641 committimus
802 606 845 640 et
874 599 1137 639 mandamus
1165 599 1373 652 quatinus
1406 600 1513 640 cites
1540 601 1845 653 peremptorie,

170 685 247 724 per
268 678 312 711 te
328 671 395 711 vel
415 684 492 724 per
509 670 656 719 alium,
680 670 940 722 magistrum
966 669 1016 708 R.
1040 668 1095 708 de
1119 668 1338 721 Pikering‚
1357 674 1570 709 rectorem
1589 669 1771 709 ecclesie
1788 669 1844 709 de

173 739 411 788 Halveton,
444 745 492 779 ut
534 738 748 787 scribitur,
785 737 902 790 quod
946 744 1202 790 compareat
1244 751 1391 777 coram
1435 737 1562 777 nobis
1593 737 1844 790 ubicunque

169 808 379 848 fuerimus
421 808 464 848 in
508 813 658 847 nostra
705 807 941 860 provincia,
979 807 1108 847 tertia
1155 806 1227 846 die
1271 805 1459 859 juridica
1509 813 1609 859 post
1657 807 1843 860 primam

168 878 437 918 dominicam
466 877 804 930 quadragesime
832 876 959 916 nobis
988 890 1119 929 super
1145 876 1227 916 sibi
1257 876 1519 929 objiciendis
1547 890 1846 929 responsuruS,

168 946 363 987 facturus
405 952 449 986 et
492 952 746 999 recepturus
789 945 907 998 quod
947 945 1120 998 justitia
1163 944 1377 985 suadebit.
1462 945 1521 985 Et
1558 945 1661 997 quia
1702 944 1845 986 dictus

170 1016 380 1069 magister
414 1016 463 1056 R.
487 1015 718 1056 ecclesiam
752 1015 892 1068 ipsam
917 1014 972 1054 de
999 1014 1270 1054 Halerveton
1304 1014 1491 1067 adeptus
1524 1021 1590 1054 est
1613 1020 1713 1067 post
1747 1014 1845 1054 ulti-

170 1099 291 1125 mum
334 1085 568 1125 concilium
614 1083 925 1137 Lugdunense,
958 1097 1037 1124 nec
1080 1097 1126 1124 se
1167 1084 1417 1136 procuravit
1459 1083 1570 1123 infra
1602 1097 1767 1123 annum
1802 1084 1844 1123 in

170 1154 461 1208 presbiterum
494 1153 699 1202 ordinari,
731 1152 850 1205 quod
883 1151 995 1192 adeo
1027 1152 1252 1205 publicum
1286 1158 1353 1192 est
1385 1158 1429 1193 et
1461 1153 1683 1192 notorium
1727 1152 1845 1205 quod

170 1223 291 1264 nulla
317 1230 465 1276 potest
496 1222 860 1275 tergiversatione
892 1221 1035 1271 celari,
1057 1221 1223 1261 fructus
1256 1221 1456 1274 ejusdem
1489 1222 1672 1262 ecclesie
1706 1222 1845 1262 multo

169 1300 369 1346 tempore
412 1291 726 1332 damnabiliter
777 1290 1002 1344 rapiendo,
1044 1298 1291 1343 sequestres
1336 1291 1510 1331 interim
1559 1290 1846 1331 nihilominus

171 1363 336 1403 fructus
359 1362 495 1415 ipsius
517 1362 700 1402 ecclesie
722 1361 778 1401 de
798 1360 1084 1409 Halerveton,
1099 1366 1143 1400 et
1164 1360 1246 1400 sub
1264 1367 1384 1401 arcto
1407 1366 1634 1413 sequestro
1656 1374 1846 1400 unacum

171 1432 384 1472 fructibus
405 1430 588 1471 ecclesie
602 1429 658 1470 de
683 1430 944 1478 Newenton,
962 1443 1072 1482 quos
1090 1429 1197 1469 alias
1215 1443 1292 1482 per
1310 1435 1353 1469 te
1371 1430 1633 1482 sequestrari
1652 1429 1847 1478 fecimus,

171 1500 437 1549 custodiens,
469 1500 581 1540 sicut
613 1499 669 1539 de
700 1499 762 1539 eis
795 1498 922 1538 nobis
955 1498 1144 1539 volueris
1177 1498 1454 1551 respondere,
1487 1497 1628 1538 donec
1661 1513 1686 1538 a
1719 1498 1845 1538 nobis

171 1569 291 1611 aliud
316 1570 530 1622 receperis
564 1569 607 1608 in
641 1567 875 1608 mandatis.
939 1567 1141 1620 Qualiter
1172 1574 1322 1608 autem
1356 1567 1616 1608 mandatum
1648 1573 1846 1607 nostrum

172 1640 215 1679 in
242 1639 323 1679 hac
356 1644 480 1691 parte
512 1638 643 1678 fueris
676 1643 904 1686 executus,
926 1636 1053 1676 nobis
1085 1637 1194 1677 citra
1225 1636 1343 1677 diem
1378 1636 1625 1689 predictum
1659 1636 1847 1677 fideliter

173 1715 376 1749 constare
400 1707 535 1747 facias
558 1721 635 1760 per
656 1713 755 1746 tuas
778 1712 982 1759 patentes
1005 1706 1172 1746 litteras
1195 1706 1349 1745 harum
1374 1706 1530 1746 seriem
1560 1706 1848 1746 continentes.

172 1777 393 1817 Volumus
426 1777 603 1829 insuper
634 1782 678 1816 et
709 1776 950 1824 hortamur,
983 1781 1031 1815 ut
1064 1775 1204 1828 magis
1237 1775 1445 1815 continue
1478 1775 1520 1814 in
1554 1774 1739 1815 ecclesia
1772 1781 1848 1815 tua

173 1845 363 1886 resideas
386 1845 590 1885 decetero
608 1858 742 1897 quam
761 1844 917 1884 diceris
936 1844 1148 1884 hactenus
1168 1843 1389 1884 resedisse.
1443 1843 1613 1884 Valete.
1678 1844 1846 1884 Datum

172 1915 290 1969 apud
317 1914 647 1954 Hertleburiam
671 1916 728 1954 v¹⁰
750 1912 804 1953 id.
830 1913 1055 1953 Februarii
1078 1926 1195 1953 anno
1222 1913 1401 1952 Domini
1427 1912 1552 1952 m⁰ccO
1575 1913 1848 1966 octogesimo

171 1983 377 2033 secundo,
400 1983 690 2023 ordinationis
713 1988 861 2022 nostre
884 1982 1050 2034 quinto.

173 2108 461 2151 [Seqnestration
477 2108 523 2151 os
532 2107 789 2150 Newz'ngt0n.]

291 2193 505 2233 DECANo
557 2201 622 2231 DE
677 2192 961 2232 RISEBERGE
1016 2200 1108 2231 PRo
1160 2200 1448 2240 SEQUESTRO
1497 2199 1730 2232 ECCLESIE
1784 2199 1847 2229 DE

176 2261 869 2303 NEUTONIA.—-Memorandum
913 2261 1032 2313 quod
1073 2260 1128 2301 vt⁰
1166 2260 1249 2301 kal.
1294 2261 1460 2310 Marcii,
1495 2260 1612 2313 apud
1651 2260 1847 2300 Teukes—

174 2331 357 2378 buriam,
379 2330 596 2369 concessit
618 2329 824 2369 dominus
848 2343 924 2382 per
954 2329 1144 2370 litteram
1172 2343 1295 2369 suam
1320 2343 1405 2382 que
1428 2328 1657 2369 mandavit
1680 2328 1848 2368 decano

174 2401 230 2441 de
264 2399 516 2452 Riseberge,
543 2398 662 2451 quod
695 2398 860 2439 fructus
892 2399 1074 2439 ecclesie
1106 2399 1161 2439 de
1192 2399 1417 2438 Neutonia
1458 2399 1764 2438 triturarentur
1805 2404 1849 2438 et

174 2469 521 2510 distraherentur
548 2482 624 2521 per
646 2474 950 2521 procuratores
978 2468 1157 2509 rectoris
1184 2468 1367 2508 ecclesie
1396 2467 1608 2520 ejusdem,
1636 2468 1696 2507 ita
1729 2467 1847 2520 quod

175 2538 359 2592 pecunia
391 2536 493 2577 inde
525 2536 788 2589 proveniens
820 2537 902 2576 sub
933 2543 1055 2577 arcto
1086 2543 1130 2577 et
1169 2537 1353 2590 pristino
1393 2543 1569 2577 maneat
1608 2543 1847 2589 sequestro,

174 2607 315 2648 donec
338 2605 455 2646 aliud
475 2619 500 2645 a
522 2605 704 2645 domino
727 2605 927 2645 habuerit
951 2606 993 2645 in
1019 2606 1250 2646 mandatis.

178 2720 344 2763 [Release
360 2719 405 2762 of
415 2718 473 2752 tlte
487 2720 613 2758 sama]

294 2805 447 2844 Frater
474 2803 712 2856 Johannes,
745 2809 837 2852 eto,
874 2803 1036 2843 dilecto
1075 2804 1163 2844 filio
1197 2803 1366 2844 decano
1397 2817 1476 2844 suo
1511 2803 1566 2844 de
1596 2803 1847 2856 Riseberge,

177 2873 376 2922 salutem,
403 2873 604 2926 gratiam,
631 2878 675 2912 et
707 2872 1072 2913 benedictionem.
1137 2873 1261 2913 Licet
1295 2887 1434 2926 nuper
1466 2872 1630 2913 fructus
1662 2872 1843 2913 ecclesie

178 2943 233 2983 de
257 2942 480 2983 Neutonia
511 2956 569 2982 ex
602 2941 730 2982 certis
757 2947 800 2981 et
832 2941 1038 2994 legitimis
1068 2942 1210 2982 causis
1240 2942 1671 2994 sequestraverimus‚
1693 2948 1737 2982 et
1766 2941 1848 2981 sub

178 3018 299 3052 arcto
321 3017 547 3064 sequestro
570 3024 646 3064 per
667 3024 745 3050 vos
769 3009 1125 3050 mandaverimus
1148 3011 1377 3060 custodiri;
1410 3011 1512 3063 quia
1534 3016 1683 3050 tamen
1708 3017 1848 3050 rector

178 3081 360 3122 ecclesie
400 3079 598 3131 ejusdem
642 3085 820 3132 paratus
854 3079 1007 3119 existit
1044 3079 1098 3119 ad
1141 3080 1305 3120 dictam
1343 3080 1572 3120 ecclesiam
1611 3080 1769 3128 venire,
1800 3086 1847 3120 ut

178 3150 322 3190 visitet
357 3162 533 3202 gregem
570 3161 706 3196 suam,
735 3154 778 3188 et
812 3147 897 3188 alia
933 3147 1063 3187 faciat
1098 3162 1182 3201 que
1217 3148 1297 3189 sibi
1337 3148 1609 3197 incumbunt,
1640 3147 1694 3188 ad
1726 3148 1844 3200 quod
