2023 3453
185 184 227 215 A.
236 185 281 215 D.
314 187 326 215 1
342 187 364 215 2
373 172 399 216 8
408 168 457 234 7]
598 170 648 216 Α
658 168 974 232 rchz‘epz'scopz'
1007 167 1049 214 C
1048 166 1398 215 cantuariensis.
1760 182 1812 224 24
1824 182 1851 224 9

302 328 527 380 Johannes
551 329 731 381 Rogers.
1138 327 1291 367 Frater
1330 324 1571 365 Nicholaus
1608 323 1663 364 de
1708 324 1852 364 Torti-

301 396 527 448 Johannes
561 397 712 437 Benne
735 396 789 437 de
825 397 1014 449 Kinges-
1076 403 1164 436 ton.

186 471 300 505 tone.
1136 464 1361 517 Johannes
1383 462 1526 502 dictus
1550 461 1677 502 Gold.

304 534 566 574 Laurentius
589 534 644 574 de
667 534 979 575 Alfricheston.
1134 533 1359 585 Johannes
1382 531 1437 571 de
1463 530 1739 570 Balecumbe.

300 603 525 655 Johannes
550 603 743 643 Auditor
764 603 818 643 de
854 604 1014 643 Lewes.
1136 601 1385 641 Willelmus
1408 600 1463 640 de
1486 600 1526 640 la
1552 599 1686 639 Huse.

303 672 510 721 Thomas,
554 679 694 713 rector
734 673 915 713 ecclesie
963 672 1018 712 de
1140 671 1359 710 Henricus
1381 669 1436 709 de
1459 669 1760 722 Wingestone.

188 740 428 780 Ludeham.
1136 739 1285 779 Adam
1309 738 1363 779 de
1387 737 1665 780 Southwelle.

299 809 524 861 Johannes
565 808 620 849 de
655 809 857 848 Wicham
902 809 1015 849 Can-
1134 808 1359 860 Johannes
1383 807 1438 847 de
1461 806 1501 846 la
1525 805 1758 846 Gatelond.

184 877 416 917 tuariensis
438 877 635 917 diocesis.
1137 876 1355 916 Martinus
1378 875 1433 915 de
1458 874 1717 915 Merewelle.

302 946 508 986 Matheus
535 946 685 986 Husee
1135 945 1356 984 Thomam
1380 944 1435 984 de
1458 943 1736 996 Weldregge.

853 1053 1178 1094 SUBDIACONI.

299 1138 548 1178 Willelmus
581 1138 635 1178 de
670 1138 792 1178 Bello
823 1137 1000 1186 Alneto,
1025 1137 1345 1177 Wintoniensis
1375 1136 1573 1185 diocesis,
1597 1150 1672 1189 per
1701 1136 1850 1176 dimis-

181 1209 316 1247 sorias
332 1207 498 1248 litteras
516 1208 670 1260 prioris
688 1214 731 1247 et
749 1206 946 1246 officialis
962 1206 1349 1254 Wintoniensium‚
1364 1205 1598 1245 custodum
1618 1205 1852 1258 spirituali-

182 1278 285 1318 tatis
323 1277 655 1325 Wintoniensis,
688 1277 897 1330 episcopo
936 1276 1244 1316 Wintoniense
1286 1276 1328 1314 in
1373 1275 1551 1315 remotis
1592 1282 1762 1327 agente,
1795 1274 1850 1314 ad

181 1346 358 1387 titulum
383 1352 560 1386 centum
584 1345 823 1385 solidorum
848 1345 981 1384 annui
1011 1344 1208 1384 redditus
1236 1343 1405 1383 domini
1431 1343 1684 1393 Baldewini‚
1709 1344 1851 1384 fratris

181 1416 258 1464 sui,
282 1415 443 1463 militis,
462 1415 504 1454 in
529 1413 651 1466 cujus
676 1414 953 1467 possessione
975 1413 1139 1453 existit.

296 1484 522 1536 Johannes
554 1483 609 1523 de
645 1483 896 1536 Lancynge,
931 1482 1217 1523 Cicestrensis
1251 1482 1449 1530 diocesis,
1472 1481 1526 1521 ad
1560 1481 1850 1522 sufficientem

181 1553 358 1593 titulum
383 1553 634 1606 patrimonii
658 1553 736 1601 sui,
759 1552 814 1592 de
837 1566 924 1604 quo
947 1557 1181 1591 contentus
1204 1565 1249 1591 se
1273 1551 1502 1604 reputavit.

299 1622 527 1675 Philippus
550 1621 605 1661 de
630 1621 881 1670 Erlindene‚
897 1621 951 1661 ad
977 1621 1351 1674 presentationem
1376 1620 1530 1660 decani
1555 1620 1851 1661 Cicestrensis.

299 1691 450 1731 Frater
473 1691 695 1730 Walterus
717 1690 772 1731 de
796 1690 1037 1731 Chileham.

297 1760 522 1813 Johannes
555 1759 609 1799 de
642 1759 683 1799 la
714 1759 975 1808 Vendenne,
1010 1759 1332 1799 Lincolniensis
1364 1758 1563 1807 diocesis,
1596 1773 1671 1811 per
1702 1758 1851 1798 dimis-

181 1829 306 1878 soria,
328 1828 383 1868 ad
407 1829 583 1868 titulum
608 1828 779 1869 abbatis
802 1829 857 1869 de
882 1828 1162 1868 Lannedene.

296 1898 521 1950 Johannes
544 1898 599 1938 (16
624 1898 851 1946 Bereham,
874 1897 929 1937 ad
953 1897 1130 1938 titulum
1156 1897 1393 1950 proprium,
1415 1896 1469 1936 de
1492 1910 1590 1948 quo,
1612 1903 1691 1936 etc.

296 1967 522 2018 Johannes
564 1966 619 2007 de
664 1967 1026 2019 Upmongeham,
1068 1966 1122 2006 ad
1165 1965 1341 2006 titulum
1385 1972 1428 2005 et
1478 1966 1848 2017 presentationem

180 2035 335 2075 decani
360 2036 790 2089 Suthmallingensis.

298 2093 527 2158 Philippus
550 2104 604 2144 de
628 2094 850 2157 Cycestre‚
872 2104 927 2144 de
950 2119 1051 2144 coro
1074 2104 1266 2144 ecclesie.

298 2174 450 2214 Frater
474 2174 752 2223 Lambertus,
774 2174 1011 2213 canonicus
1040 2173 1313 2213 Durefordie.

297 2243 452 2284 Simon
475 2242 530 2282 de
554 2243 680 2295 Bray.

298 2312 512 2364 Magister
538 2312 757 2351 Henricus
781 2311 1018 2351 Garlaund.

901 2429 1135 2470 DIACONI.

297 2526 523 2567 Gilbertus
556 2526 611 2566 de
647 2526 952 2579 Hopecherch,
986 2526 1316 2567 Cantuariensis
1349 2524 1546 2573 diocesis,
1579 2523 1634 2563 ad
1672 2524 1848 2564 titulum

181 2596 383 2648 priorisse
424 2602 468 2635 et
511 2596 768 2635 monialium
812 2595 867 2635 de
921 2595 1093 2648 Sapeia‚
1135 2595 1242 2635 alias
1284 2594 1337 2634 ad
1392 2593 1764 2647 presentationem
1807 2599 1850 2633 et

141 2674 143 2676 ·
179 2664 560 2705 examinationem
585 2664 880 2705 archidiaconi
905 2664 1236 2706 Cantuariensis
1260 2663 1497 2702 ordinatus.

180 2728 430 2768 Willelmus
453 2729 507 2769 de
532 2730 744 2778 Louente,
811 2727 893 2796 lad
940 2729 1116 2769 titulum
1171 2736 1214 2769 et
1267 2727 1641 2781 presentationem
1693 2725 1849 2766 decani

182 2797 402 2837 &Valterus
425 2798 480 2838 de
501 2799 790 2851 Haptonette,
809 2801 819 2849 j
897 2798 1192 2838 Cicestrensis.

299 2866 520 2906 Robertus
542 2867 597 2906 (16
620 2867 829 2915 Yseham,
853 2865 908 2905 ad
932 2866 1108 2906 titulum
1133 2864 1387 2918 patrimonii
1411 2864 1487 2912 sui,
1511 2869 1557 2903 ut
1586 2863 1706 2911 alias,
1728 2869 1771 2903 et
1793 2863 1849 2903 ad

181 2935 552 2988 presentationem
616 2942 660 2975 et
716 2935 1098 2976 examinationem
1158 2933 1454 2974 archidiaconi
1520 2932 1848 2972 Cantuariensis

181 3003 419 3043 ordinatus.

298 3073 496 3125 Rogerus
512 3072 567 3113 de
585 3073 927 3122 Heriettesham,
945 3073 1000 3112 ad
1019 3072 1195 3113 titulum
1220 3077 1264 3111 et
1282 3069 1655 3122 presentationem
1675 3068 1847 3108 abbatis

180 3147 224 3181 et
246 3148 488 3181 conventus
511 3141 566 3181 de
591 3143 825 3194 Begeham.
