2023 3453
146 170 168 198 2
179 169 239 214 54
545 153 649 214 Reg
657 154 836 199 istrum
859 152 1116 216 Jolzannz‘s
1152 152 1365 199 Pallam
1533 153 1651 216 [A.D.
1689 171 1702 200 1
1717 157 1808 215 287

228 309 306 353 [Fo.
329 309 442 351 13ob.]

141 364 378 408 [Ordz'natz'on
393 368 434 397 at
448 364 618 407 Bridge]

143 422 373 463 ORmNEs
396 430 673 462 CELEBRATI
698 430 750 459 IN
777 428 1013 460 ECCLESIA
1038 429 1377 461 PARROCHIALI
1402 431 1465 461 DE
1490 422 1660 463 BREGE
1684 423 1811 464 CAN-

256 498 556 530 TUARIENSIS
591 497 811 529 DIOCEsls
850 497 935 527 DIE
971 488 1225 529 SABBATHI
1250 489 1502 542 QUATUOR
1529 500 1811 533 TEMPORUM

257 569 309 599 IN
347 567 635 599 SEPTIMANA
674 559 1015 598 PENTECOSTIS
1052 567 1195 597 ANNo
1233 558 1430 598 DOMINI
1472 559 1632 601 M⁰CC⁰
1665 570 1811 602 06Το-

255 637 441 669 GESIMO
465 636 690 667 SEPTIMO.

553 713 764 753 ACOLITI
790 721 998 753 RECEPTI
1024 722 1115 752 PER
1141 722 1399 754 DOMINUM.

255 788 410 830 Simon
434 787 488 827 de
515 787 710 827 Ickham.
1096 787 1316 827 Henricus
1339 788 1394 828 de
1414 788 1631 842 Rollinge.

256 856 471 897 Ricardus
493 855 549 896 de
576 856 769 896 Ickham.
1092 856 1320 908 Johannes
1343 856 1398 897 de
1422 857 1708 900 Suthcherch.

257 927 475 966 Henricus
498 925 554 966 de
578 925 841 977 Wengham.
1095 925 1366 966 Laurencius
1388 925 1445 967 de
1469 927 1782 970 Suthcherche.

253 995 503 1036 Willelmus
545 994 658 1034 filius
698 993 875 1034 Ricardi
917 993 972 1034 de
1090 995 1318 1047 Johannes
1340 994 1395 1035 de
1421 995 1723 1050 Withstapele.

140 1065 402 1117 Wengham.
1093 1063 1342 1103 Willelmus
1359 1064 1465 1104 Pein
1480 1064 1536 1105 de
1551 1065 1811 1120 Sandwyco.

254 1133 504 1174 willelmus
525 1132 581 1173 (16
606 1132 812 1185 IllyngeS.
1092 1132 1290 1172 Thomas
1318 1132 1431 1172 filius
1455 1134 1572 1174 Petri
1607 1135 1811 1178 Dovorie.

255 1203 456 1255 Rogerus
478 1201 518 1241 16
540 1201 707 1254 Taylur
728 1200 783 1241 de
807 1201 972 1253 Weng-
1094 1200 1242 1240 Adam
1267 1201 1547 1255 Chanpeneis
1580 1203 1635 1243 de
1669 1204 1812 1245 Sand-

137 1273 251 1312 ham.
978 1283 1111 1322 wyco

253 1340 451 1380 Thomas
474 1339 529 1380 de
552 1338 767 1380 Uffinton.
1090 1338 1288 1378 Thomas
1314 1339 1411 1379 ΜΟ(
1436 1339 1639 1380 Dovorie.

253 1410 451 1449 Thomas
474 1409 529 1449 de
558 1408 816 1448 Adersham.
1091 1407 1318 1460 Johannes
1336 1407 1531 1448 Everard
1541 1408 1597 1449 de
1607 1409 1810 1463 Burgate.

256 1478 504 1518 Willelmus
526 1477 581 1517 de
602 1478 854 1517 Bosintone.
1090 1477 1317 1529 Johannes
1341 1476 1472 1517 Giles.

255 1547 521 1587 Edmundus
542 1546 598 1586 de
624 1546 845 1599 Ildynges.
1091 1545 1284 1598 Jacobus
1310 1545 1497 1585 Bolchef
1515 1546 1718 1588 Dovorie.

254 1616 503 1656 Willelmus
526 1615 581 1655 de
605 1614 874 1655 Portewode.
1096 1614 1245 1654 Hamo
1267 1614 1322 1654 de
1346 1614 1504 1655 Castro
1529 1615 1731 1657 Dovorie.

254 1685 476 1726 Walterus
498 1685 554 1725 de
576 1685 617 1724 la
641 1684 872 1724 Chambre.
1090 1684 1226 1736 Josep
1249 1684 1499 1724 Veneasun.

253 1755 479 1807 Johannes
496 1753 551 1794 de
575 1753 718 1794 Osele.
1091 1753 1341 1793 Willelmus
1363 1753 1418 1793 de
1443 1753 1667 1806 Kenyton.

256 1822 471 1863 Ricardus
524 1822 637 1862 filius
691 1821 872 1862 Andree
918 1822 973 1862 de
1093 1822 1316 1862 Walterus
1338 1822 1394 1862 de
1417 1821 1634 1864 Chilham.

140 1893 358 1946 Depham.
1095 1891 1343 1931 Willelmus
1365 1891 1421 1931 de
1446 1891 1747 1944 Lyttleburne.

252 1962 479 2014 Johannes
501 1960 557 2001 de
583 1960 842 2014 Peddinges
1094 1960 1293 2000 Thomas
1315 1959 1371 2001 de
1395 1960 1631 2002 Grenhille.

252 2032 479 2084 Johannes
501 2030 670 2083 Jurdan
693 2029 749 2070 de
774 2030 898 2070 Dale.
1094 2029 1315 2070 Robertus
1337 2029 1393 2069 de
1417 2030 1658 2071 Stalefeud.

255 2100 404 2141 Adam
428 2100 483 2140 de
506 2100 547 2140 la
572 2099 795 2139 Molonde.
1089 2099 1317 2152 Johannes
1339 2099 1395 2139 de
1419 2099 1670 2153 Cherringe.

254 2170 453 2209 Thomas
476 2169 531 2209 de
553 2169 721 2209 eadem.
1094 2168 1293 2208 Thomas
1318 2168 1517 2222 Deyvile.

255 2238 518 2279 Laurentius
540 2237 596 2278 de
620 2237 860 2278 Adesham.
1094 2237 1315 2277 Robertus
1340 2237 1466 2278 Albe.

255 2307 498 2348 Nicholaus
520 2307 576 2347 de
600 2307 756 2347 Estria.
1094 2305 1311 2346 Ricardus
1334 2306 1443 2346 Yue.

253 2377 451 2417 Thomas
476 2376 647 2428 Gurgis.
1094 2375 1322 2428 Philippus
1368 2375 1424 2416 (16
1471 2375 1638 2417 Sancto
1692 2376 1781 2416 Ed-

253 2446 503 2487 Willelmus
525 2445 580 2485 de
605 2445 761 2485 Estria.
974 2444 1152 2485 mundo.

253 2516 479 2568 Johannes
501 2514 556 2555 de
581 2514 746 2567 Staple.
1089 2514 1282 2567 Jacobus
1304 2513 1360 2554 (16
1383 2513 1520 2555 Soles.

252 2584 478 2637 Johannes
500 2583 556 2623 de
579 2583 748 2624 Cantia.
1089 2583 1315 2636 Johannes
1337 2582 1393 2622 de
1416 2582 1606 2635 Sparwe.

256 2654 456 2705 Rogerus
479 2652 534 2693 de
561 2652 686 2692 Aula.
1094 2652 1249 2693 Simon
1273 2652 1312 2692 16
1338 2652 1470 2692 Rous.

257 2721 519 2774 Radulphus
542 2721 597 2761 de
621 2720 892 2774 Wydeheye.
1093 2720 1313 2761 Robertus
1336 2720 1391 2760 de
1415 2721 1707 2762 Stotmerche.

255 2791 479 2843 Johannes
501 2789 557 2830 de
580 2789 850 2842 Troppham.
1095 2790 1247 2829 Petrus
1270 2788 1325 2828 de
1351 2788 1543 2842 Eslinge.

255 2859 479 2912 Stephans
501 2858 556 2899 de
581 2858 844 2911 Sandwych.
1087 2858 1285 2898 Thomas
1308 2857 1363 2898 (16
1389 2859 1684 2899 Northburne.

255 2929 453 2968 Thomas
478 2928 619 2968 Frere.
1093 2927 1192 2967 Yvo
1215 2927 1270 2967 de
1294 2927 1459 2968 Sancto
1483 2928 1723 2969 Clemente.

256 2996 481 3037 Willelmu
505 2997 560 3036 de
585 2996 826 3036 Keninton.
1090 2996 1316 3048 Johannes
1331 2996 1386 3036 de
1402 2996 1568 3038 Sancto
1584 2997 1807 3050 Gregorio.

258 3065 478 3105 Robertus
499 3065 554 3105 de
579 3065 752 3118 Byholt.
1093 3064 1314 3104 Robertus
1336 3065 1391 3105 de
1415 3065 1651 3105 Braburne.

258 3134 498 3175 Nicholaus
520 3133 575 3174 de
600 3133 757 3175 Estria.
1093 3133 1308 3175 Ricardus
1331 3133 1370 3173 le
1393 3133 1621 3175 Wildesse.
