2023 3453
151 206 193 236 A.
204 206 247 236 D.
285 207 299 236 1
314 207 337 236 2
346 193 373 236 8
386 207 399 236 1
411 190 430 253 ]
599 191 651 237 A
660 190 977 253 rclziepiscopz'
1001 191 1044 238 C
1041 192 1390 238 antuarienszssc.
1730 210 1742 238 1
1755 207 1814 252 47

529 358 860 399 SEQUESTRA
883 359 955 393 ΕΤ
979 359 1436 394 RELAXA'I'IONES.

147 440 434 483 [Seqzcestratz'on
452 440 531 473 and
543 441 689 473 cz'tation
705 441 752 483 of
760 440 878 473 Abbot
889 441 935 483 of
948 440 1219 484 Combermera]

264 513 471 554 CONTRA
515 513 759 553 ABBATEM
806 523 869 553 DE
915 514 1477 554 COMBERMARE—Anno
1514 516 1654 567 gratie
1692 514 1815 555 ms’ccO

146 582 418 634 octogesimo
442 582 595 634 primo,
616 588 660 622 et
687 582 1029 622 consecrationis
1059 582 1227 622 domini
1258 583 1400 632 tertio,
1423 583 1477 636 vij
1504 583 1585 623 kal.
1612 584 1816 636 Augusti,

147 650 262 703 apud
317 650 531 703 Slyndon,
573 651 796 690 emanavit
839 651 983 691 littera
1034 651 1344 692 archidiacono
1388 652 1621 702 Cestrensi,
1664 660 1816 693 contra

146 718 352 758 abbatem
376 718 431 758 de
461 718 775 759 Combermare
802 719 919 770 quod
953 720 1215 772 sequestrari
1243 720 1375 760 faciat
1407 734 1561 761 omnes
1585 721 1749 761 fructus
1771 729 1815 762 et

147 794 384 840 proventus
416 787 746 835 ecclesiasticos,
777 793 869 835 etc.,
893 795 940 828 ut
972 802 1114 840 supra,
1138 788 1179 828 in
1211 789 1416 841 proxima
1449 789 1604 838 littera,
1626 796 1670 830 et
1696 790 1814 842 quod

145 855 250 895 citet
283 868 384 895 eum
417 854 534 907 quod
567 862 823 908 compareat
854 870 1001 896 coram
1034 856 1216 897 domino
1251 858 1511 911 ubicunque,
1543 865 1634 907 etc.,
1668 858 1710 911 iij
1745 858 1816 899 die

142 923 330 975 juridico
353 929 453 976 post
476 923 636 963 festum
662 923 814 964 Sancti
840 924 959 964 Luce
984 925 1279 979 Evangeliste.

144 1036 428 1079 [Appoz’nlment
446 1037 491 1078 of
507 1035 633 1079 Roger
650 1036 693 1069 de
715 1036 915 1080 Dertcfford
928 1048 970 1070 as
988 1038 1025 1070 E
1027 1048 1203 1077 conamus,
1217 1039 1390 1081 pendz'ng
1409 1040 1565 1072 decz'sion
1589 1040 1635 1082 of
1649 1040 1819 1084 dz'spuled

229 1090 374 1123 election
391 1091 437 1133 of
445 1090 504 1123 tlte
522 1090 629 1124 Dean
645 1091 691 1133 of
699 1091 862 1134 Exeter]

261 1165 336 1204 DE
385 1164 638 1205 ECONoMo
680 1174 813 1205 DATO
856 1166 1139 1207 DECANATU
1185 1168 1469 1208 EXONIENSI
1514 1177 1816 1210 momms—

144 1234 279 1274 Anno
301 1240 345 1274 et
367 1234 464 1274 loco
485 1233 651 1274 eisdem
677 1234 759 1275 kal.
784 1234 978 1287 Augusti
1008 1237 1231 1276 emanavit
1271 1236 1415 1277 littera
1444 1237 1525 1277 sub
1552 1238 1633 1277 hac
1665 1238 1814 1279 forma.

145 1303 299 1343 Frater
338 1303 388 1355 J.,
424 1310 517 1351 etc.‚
548 1303 711 1343 dilecto
753 1303 842 1343 filio
887 1304 1064 1357 Rogero
1106 1304 1161 1345 de
1200 1305 1447 1353 Derteford,
1489 1305 1688 1358 ejusdem
1732 1307 1813 1347 loci

143 1372 368 1420 canonico,
391 1371 591 1421 salutem,
614 1373 814 1425 gratiam,
837 1379 882 1413 et
910 1373 1279 1414 benedictionem.
1344 1374 1437 1414 Nos
1471 1375 1583 1415 inter
1614 1375 1814 1416 subditos

144 1446 317 1480 nostros
350 1454 517 1493 pacem,
544 1442 837 1490 concordiam,
869 1449 913 1482 et
942 1443 1135 1495 quietern
1171 1443 1328 1492 fovere,
1357 1444 1486 1493 rian,
1513 1444 1749 1493 vecordias,
1771 1452 1815 1486 et

144 1509 334 1562 pericula
369 1510 519 1550 sedere
556 1511 794 1563 cupiente5‚
828 1525 878 1551 ac
917 1512 1152 1565 unicuique
1194 1512 1313 1565 quod
1352 1527 1478 1553 suum
1522 1520 1588 1554 est
1625 1514 1815 1555 tribuere

142 1578 351 1627 volentes,
374 1585 417 1619 te
439 1592 716 1629 economum,
734 1580 789 1620 de
812 1580 994 1620 consilio
1013 1581 1202 1621 virorum
1229 1581 1525 1634 prudentium,
1548 1582 1815 1632 ordinamus

142 1647 339 1696 facimus,
360 1653 404 1687 et
427 1648 747 1697 constituimus,
771 1655 818 1689 ut
841 1649 1052 1702 quamdiu
1078 1650 1250 1702 questio
1280 1651 1393 1691 inter
1414 1651 1709 1692 venerabilem
1733 1652 1815 1692 fra-

141 1722 252 1756 trem
288 1723 488 1757 nostrum
514 1718 570 1766 P„
594 1717 678 1757 Dei
710 1718 852 1770 gratia
877 1719 1182 1759 Exoniensem
1216 1720 1487 1773 episcopum,
1509 1727 1553 1760 et
1585 1720 1814 1761 dominum

141 1785 391 1838 Johannem
418 1786 569 1838 Pycot,
593 1786 635 1825 in
669 1786 934 1827 decanatum
961 1788 1230 1828 Exoniensis
1253 1789 1435 1829 ecclesie
1463 1789 1665 1839 electum,
1687 1804 1817 1843 super

141 1853 358 1894 electione
381 1855 515 1907 ipsius
540 1855 731 1907 pendeat
755 1855 960 1903 indecisa,
984 1856 1272 1897 obventiones
1305 1864 1348 1897 et
1378 1857 1542 1898 fructus
1572 1858 1814 1899 decanatus

144 1921 342 1974 ejusdem
379 1923 614 1976 diligenter
650 1924 843 1976 colligas,
880 1939 929 1964 ac
967 1925 1154 1966 fideliter
1190 1927 1367 1967 studeas
1403 1941 1632 1976 reservare,
1671 1928 1813 1968 eidem

142 1990 390 2031 reddendos
424 1991 478 2032 ad
508 2005 651 2044 quem,
675 1993 769 2045 ipsa
802 1992 877 2033 lite
900 1992 1034 2042 finita,
1057 1994 1112 2034 de
1137 1994 1234 2047 jure
1262 1994 1453 2035 debeant
1483 1997 1727 2048 pertinere;
1760 2004 1814 2045 et,

142 2066 189 2100 ut
231 2060 444 2112 premissa
485 2060 661 2101 liberius
703 2068 747 2101 et
787 2061 1005 2102 efficacius
1052 2064 1192 2115 possis
1244 2063 1498 2117 adimplere,
1540 2065 1618 2104 tibi
1663 2072 1814 2105 tenore

142 2129 411 2182 presentium
474 2129 654 2170 liberam
717 2131 999 2171 concedimus
1059 2132 1314 2172 facultatem
1373 2133 1717 2174 contradictores
1769 2142 1813 2175 et

141 2197 323 2238 rebelles
346 2212 423 2251 per
444 2212 673 2239 censuram
696 2199 1038 2240 ecclesiasticam
1061 2214 1325 2254 quocunque
1348 2202 1527 2241 nomine
1549 2209 1813 2243 censeantur

140 2266 381 2316 coercendi,
423 2273 467 2307 et
508 2267 659 2308 omnia
700 2268 785 2308 alia
826 2282 910 2320 que
952 2268 1007 2308 ad
1051 2269 1361 2322 premissorum
1414 2271 1723 2310 executionem
1767 2278 1810 2311 et

139 2336 518 2376 conservationem
543 2336 784 2389 proficiant,
806 2337 921 2377 vices
945 2344 1115 2378 nostras
1139 2338 1337 2390 legaliter
1358 2339 1605 2378 exercendi.

140 2435 426 2478 [Sequestratz'on
443 2437 488 2480 os
497 2436 722 2480 Hellingh']

256 2509 597 2558 SEQUESTRUM
643 2519 919 2551 FRUCTUUM
967 2520 1200 2552 ECCLESIE
1246 2521 1309 2551 DE
1358 2512 1808 2553 HELLYNGELEG.—

141 2577 276 2617 Anno
301 2578 457 2619 eodem
488 2580 606 2632 apud
637 2579 950 2633 Suthmalling,
972 2580 1043 2620 die
1065 2580 1251 2621 Veneris
1284 2581 1489 2633 proxima
1517 2587 1620 2621 ante
1646 2581 1805 2622 festum

138 2645 255 2687 beati
291 2647 528 2697 Laurentii,
561 2649 784 2688 emanavit
820 2649 965 2689 littera
1006 2648 1176 2689 decano
1218 2649 1273 2689 de
1309 2650 1556 2690 Pevenesea
1591 2650 1645 2690 ad
1688 2651 1806 2690 colli-

139 2714 346 2767 gendum,
378 2722 422 2756 et
454 2716 550 2757 loco
584 2731 718 2766 sacro,
750 2717 966 2767 videlicet,
997 2718 1040 2758 in
1073 2718 1279 2758 domibus
1313 2718 1458 2758 vicarii
1493 2725 1536 2758 et
1570 2719 1806 2768 cimeterio,

139 2783 442 2836 reponendum
475 2799 524 2826 ac
557 2792 678 2826 arcto
710 2793 937 2839 sequestro
969 2787 1307 2827 custodiendum
1342 2787 1506 2827 fructus
1538 2788 1718 2828 ecclesie
1750 2788 1805 2828 de

142 2851 435 2906 Hellingeleg,
457 2853 580 2906 cujus
612 2861 714 2895 sunt
746 2861 935 2895 rectores
966 2855 1103 2895 abbas
1134 2862 1178 2896 et
1210 2862 1452 2896 conventus
1484 2855 1538 2895 de
1567 2856 1802 2908 Begeham,

139 2920 303 2960 ordinis
327 2922 757 2964 Premonstratensis.

139 3018 423 3062 [Sequestratz'on
439 3022 480 3064 os
499 3021 731 3067 Tangmere]

256 3092 595 3142 SEQUESTRUM
638 3105 702 3135 DE
737 3096 1269 3137 TANGEMERE.——Anno
1303 3095 1387 3142 die¹
1409 3102 1453 3137 et
1490 3096 1587 3136 loco
1623 3098 1802 3147 eisdem,

139 3161 361 3202 emanavit
387 3161 531 3204 littera
562 3163 731 3206 decano
763 3165 817 3205 de
852 3166 1085 3218 Pageham,
1108 3172 1151 3205 et
1183 3165 1337 3204 rectori
1370 3164 1425 3205 de
1460 3165 1718 3206 Loventone
1747 3167 1801 3207 ad

1663 3246 1721 3270 L2
