2023 3453
145 188 242 218 ΑΛ).
273 188 288 217 1
303 187 325 216 2
334 173 361 217 8
369 170 416 233 3]
579 170 632 215 A
640 169 956 231 rclzz'epz'scopz'
993 168 1382 215 cantuariensis.
1732 185 1744 214 1
1760 183 1819 229 59

146 328 289 368 eidem
323 332 462 367 certas
504 325 697 366 indutias
734 325 946 365 duximus
983 339 1041 365 ex
1073 324 1215 378 gratia
1251 323 1570 372 concedendas,
1599 323 1817 376 prefatum

146 402 420 449 sequestrum
464 403 616 435 tenore
658 395 927 447 presentium
971 394 1234 442 relaxamus
1278 391 1541 432 mandantes
1583 399 1631 432 ut
1673 393 1818 445 ipsum

146 465 395 505 relaxatum
428 464 642 504 habentes
666 470 994 516 procuratorem
1018 463 1153 516 ipsius
1177 462 1355 502 rectoris
1378 461 1433 501 de
1455 461 1584 501 dictis
1607 461 1819 501 fructibus

148 534 282 574 libere
324 533 588 586 permittatis
630 532 874 584 disponere,
911 531 1052 571 donec
1096 545 1121 570 a
1162 531 1288 570 nobis
1331 530 1449 570 aliud
1492 530 1732 570 habueritis
1775 530 1816 569 in

148 602 379 643 mandatis
446 601 616 642 Valete.
686 601 854 640 Datum
900 600 1018 653 apud
1059 599 1318 649 Mortelake,
1357 600 1438 639 kal.
1488 599 1653 652 Aprilis
1701 613 1817 638 anno

149 671 330 711 Domini
354 672 481 710 m⁰cc⁰
503 670 639 709 lxxx⁰
661 669 807 717 tercio,
830 669 1119 709 ordinationis
1143 675 1290 709 nostre
1312 668 1377 708 vf‘).

147 794 284 837 [Order
297 797 330 826 lo
346 793 502 826 dz'slrain
518 796 559 825 at
577 793 810 836 Tangmere]

264 868 364 906 PRO
394 875 671 907 FRUCTIBUS
704 875 1070 915 SEQUESTRATIS
1104 875 1337 907 ECCLESIE
1371 876 1435 906 DE
1460 866 1820 907 TANGMERE.—

149 935 490 977 Memorandum
513 935 632 987 quod
662 935 725 987 iij⁰
747 948 846 975 non.
871 935 1050 987 Aprilis,
1065 949 1181 974 anno
1205 948 1292 987 quo
1320 949 1463 987 supra,
1482 935 1600 988 apud
1624 935 1819 989 Croyen-

144 1004 244 1054 den,
286 1003 512 1044 mandavit
553 1003 759 1043 dominus
806 1003 974 1043 decano
1017 1003 1072 1043 de
1114 1003 1339 1056 Pageham
1382 1003 1437 1043 ad
1480 1004 1815 1045 distrahendum

146 1074 310 1114 fructus
332 1072 514 1113 ecclesie
536 1071 591 1112 de
614 1072 866 1124 Tangmere
888 1079 1020 1112 antea
1042 1079 1340 1125 sequestratos
1364 1086 1440 1125 per
1464 1073 1709 1113 dominum.

146 1197 324 1239 [Citalion
340 1197 386 1240 of
394 1199 525 1229 reclors
540 1196 587 1238 of
595 1196 719 1229 divers
735 1195 931 1239 clun-clm]

262 1270 602 1318 SEQUESTRUM
652 1278 854 1310 FACTUM
898 1279 951 1308 IN
996 1278 1274 1310 FRUCTIBUS
1318 1278 1666 1311 ECCLESIARUM
1707 1280 1819 1312 REC-

146 1349 322 1380 TORUM
347 1348 452 1379 NON
487 1347 814 1379 VENIENTIUM
845 1348 911 1377 AD
944 1347 1163 1379 ORDINES
1197 1347 1514 1379 CELEBRATOS
1548 1349 1640 1379 PER
1674 1349 1820 1380 DOMI-

147 1418 259 1449 NUM
282 1417 416 1449 APUD
440 1407 756 1448 CROYENDEN
782 1416 866 1447 DIE
891 1407 1105 1449 SABBATI
1133 1417 1235 1457 QUA
1263 1417 1536 1449 CANTATUR
1563 1417 1820 1450 SICIENTES

145 1486 288 1517 ANNo
333 1485 699 1517 ORDINATIONIS
753 1485 939 1516 DOMINI
984 1477 1408 1526 QUINTo.—Frater
1449 1477 1687 1530 Johannes,
1728 1484 1820 1528 etc,

145 1546 307 1586 dilecto
340 1545 429 1585 filio
463 1546 673 1598 magistro
708 1546 914 1595 Martino,
947 1546 1250 1586 commissario
1277 1546 1596 1597 Cantuariensi,
1620 1547 1819 1597 salutem,

146 1615 347 1668 gratiam,
364 1621 407 1655 et
426 1614 791 1655 benedictionem.
857 1615 1010 1668 Nuper
1026 1614 1081 1655 de
1098 1615 1262 1656 diocesi
1281 1622 1432 1656 nostra
1449 1623 1638 1656 rectores
1661 1617 1819 1657 eccles-

146 1685 285 1724 iarum
313 1683 368 1723 de
400 1683 724 1732 Herietesham,
751 1682 807 1723 de
840 1684 1132 1737 Stapelhurst,
1164 1685 1220 1725 de
1249 1684 1602 1738 Kenardington,
1630 1685 1685 1726 de
1709 1687 1818 1727 Boc-

146 1753 318 1801 launde,
334 1753 390 1792 de
407 1752 542 1793 veteri
562 1752 824 1802 Romenhal,
840 1752 896 1793 de
914 1753 1095 1802 SnaveS,
1110 1753 1165 1793 de
1184 1754 1489 1807 Wychalinge,
1506 1754 1562 1794 de
1577 1754 1820 1804 Tunstalle‚

146 1822 201 1862 de
235 1821 511 1870 Stokeburia,
544 1821 599 1861 de
633 1821 866 1870 Northum‚
894 1821 949 1861 de
986 1822 1184 1871 Preston‚
1216 1822 1272 1863 de
1308 1822 1632 1872 Baddlesmere,
1667 1824 1819 1865 Sancti

145 1890 299 1943 Jacobi
332 1891 536 1940 Dovorie,
566 1890 621 1930 de
654 1890 1011 1942 Hystlangedon,
1034 1890 1088 1931 de
1120 1891 1309 1944 Rypple,
1332 1892 1387 1931 de
1419 1892 1632 1942 Knolton‚
1666 1894 1818 1935 Sancti

149 1958 264 1998 Petri
292 1957 348 1998 de
376 1958 637 2011 Sandwyco,
660 1958 715 1998 de
746 1958 912 2008 Acrise,
944 1958 1157 1999 Omnium
1187 1960 1452 2001 Sanctorum
1487 1962 1736 2011 Cantuarie,
1764 1963 1818 2003 de

149 2027 464 2076 Eschedeford,
496 2027 551 2067 de
591 2028 844 2077 Hestwelle,
874 2027 929 2068 de
958 2029 1125 2082 Magna
1158 2029 1304 2078 Chert,
1333 2030 1388 2070 de
1422 2031 1562 2070 Parva
1591 2031 1736 2081 Chert,
1764 2032 1820 2072 de

148 2095 397 2148 Plukelege,
433 2102 477 2136 et
519 2096 574 2136 de
618 2097 899 2149 Epmerston,
937 2098 1055 2146 item,
1092 2097 1148 2138 de
1195 2098 1301 2138 locis
1345 2100 1583 2152 exemptis,
1630 2107 1819 2140 rectores

145 2164 426 2204 ecclesiarum
450 2164 505 2204 de
530 2164 793 2217 Aldington,
816 2165 871 2205 de
894 2165 1146 2219 Cherringe,
1169 2166 1224 2207 de
1243 2167 1506 2217 Westwelle,
1524 2167 1579 2208 de
1603 2167 1819 2221 Slyndon,

146 2232 201 2273 de
227 2233 424 2282 Isefelde,
442 2233 497 2273 de
521 2233 680 2283 Earde,
703 2233 759 2274 de
778 2234 1009 2284 Kerstane,
1032 2235 1087 2275 de
1111 2235 1407 2289 Cheveninge,
1429 2243 1474 2276 et
1495 2236 1551 2276 de
1575 2236 1815 2289 Eyneford,

146 2301 342 2355 legitime
365 2302 488 2341 citari
512 2302 706 2351 fecimus,
728 2309 776 2343 ut
798 2304 926 2343 certis
948 2303 1019 2343 die
1048 2311 1092 2344 et
1118 2304 1226 2353 loco,
1249 2318 1299 2344 ac
1326 2305 1503 2345 statutis
1533 2305 1817 2358 temporibus,

146 2377 451 2423 comparerent
483 2370 658 2411 ordines
687 2385 798 2423 quos
827 2386 978 2412 eorum
1009 2386 1109 2413 cure
1142 2374 1368 2425 requirunt
1398 2388 1422 2413 a
1450 2373 1575 2413 nobis
1608 2375 1819 2414 canonice

146 2439 372 2492 recepturi,
404 2439 477 2491 qui
520 2453 774 2493 comparere
817 2447 860 2480 et
902 2441 1157 2493 hujusmodi
1200 2442 1412 2482 mandato
1453 2448 1603 2482 nostro
1640 2442 1819 2483 obedire

147 2508 328 2548 minime
362 2515 634 2548 curaverunt.
697 2509 864 2549 Verum
902 2510 1005 2562 quia
1048 2524 1233 2563 persone
1270 2511 1564 2552 ecclesiastice
1607 2525 1683 2564 per
1717 2512 1816 2552 sub-

145 2576 406 2617 tractionem
430 2576 649 2617 fructuum
673 2577 986 2618 beneficiorum
1010 2593 1188 2618 suorum
1211 2580 1266 2620 ad
1290 2581 1586 2633 receptionem
1610 2580 1815 2620 ordinum

146 2645 441 2698 compellendi
473 2646 685 2695 existunt,
712 2646 963 2687 discretioni
996 2654 1071 2688 tue
1103 2649 1435 2698 committimus,
1463 2655 1507 2689 et
1538 2649 1720 2689 firmiter
1752 2650 1813 2689 in-

144 2714 373 2767 jungendo
425 2715 701 2764 mandamus,
751 2717 959 2768 quatinus
1011 2717 1176 2757 fructus
1227 2724 1271 2758 et
1323 2725 1562 2771 proventus
1617 2719 1814 2758 omnium

147 2782 429 2823 ecclesiarum
456 2783 765 2836 predictarum,
787 2785 1050 2826 auctoritate
1072 2793 1233 2836 nostra,
1256 2793 1502 2839 sequestres
1525 2794 1568 2827 et
1591 2787 1672 2827 sub
1695 2794 1816 2828 arcto

149 2857 375 2903 sequestro
397 2851 606 2892 custodiri
628 2852 774 2902 facias,
791 2853 904 2893 sicut
925 2853 980 2893 de
1002 2854 1197 2894 exitibus
1219 2855 1461 2895 eorundem
1485 2855 1611 2895 nobis
1628 2855 1816 2895 volueris

148 2919 423 2971 respondere,
445 2919 586 2961 donec
615 2934 745 2974 super
773 2921 855 2961 hiis
888 2936 912 2962 a
944 2922 1070 2962 nobis
1105 2923 1223 2963 aliud
1253 2924 1466 2976 receperis
1499 2924 1541 2963 in
1572 2924 1814 2973 mandatis;

149 2988 288 3027 citans
344 2988 628 3029 nihilominus
680 3003 833 3030 omnes
885 2998 1072 3032 rectores
1135 2992 1333 3031 omnium
1385 2992 1666 3033 ecclesiarum
1719 3007 1814 3046 pre-

150 3057 378 3105 dictarum,
412 3063 460 3097 ut
493 3057 564 3097 die
596 3058 782 3098 Veneris
816 3060 1022 3112 proxima
1058 3067 1158 3113 post
1192 3060 1459 3101 dominicam
1494 3075 1581 3113 qua
1613 3068 1816 3102 cantatur

152 3124 454 3166 Misericordia
478 3125 672 3174 Domini,
695 3134 980 3181 compareant
1003 3142 1149 3168 coram
1173 3129 1299 3168 nobis
1321 3129 1572 3181 ubicunque
1599 3131 1640 3172 in
1665 3137 1814 3174 nostra
