2023 3453
181 173 274 215 216
581 159 866 233 Registrum
888 160 1143 234 sol-zameis
1178 162 1391 218 Peclzam
1562 164 1680 235 [A.D.
1719 168 1840 232 1284

174 327 340 380 judicio
362 329 429 368 vel
452 336 581 368 extra
614 329 754 369 facere
783 329 1024 378 consuevit,
1047 335 1190 369 ratum
1223 329 1413 369 habituri
1446 337 1490 370 et
1518 337 1692 383 gratum
1723 331 1842 384 quic-

177 397 281 449 quid
306 412 382 450 per
402 397 591 438 eundem
621 404 961 450 procuratorem,
984 397 1050 437 vel
1082 398 1385 447 substitutum,
1407 398 1474 439 vel
1502 399 1765 439 substitutos
1788 399 1844 439 ab

177 466 333 506 eodem
364 467 405 506 in
436 467 658 519 premissis
693 466 820 506 fuerit
852 472 1012 515 actum,
1035 473 1318 519 procuratum
1356 481 1431 507 seu
1467 467 1742 520 expeditum,
1765 482 1844 521 pro

176 535 332 575 eodem
356 543 399 575 et
422 535 660 575 substituto
683 535 748 574 vel
773 535 1022 575 substitutis
1052 535 1107 575 ab
1129 535 1285 576 eodem
1316 536 1397 575 sub
1423 536 1674 589 hypotheca
1701 550 1843 576 rerum

178 611 438 653 nostrarum,
466 604 711 656 judicatum
747 604 854 643 solvi
889 605 1200 656 promittimu5‚
1231 611 1274 645 et
1306 605 1386 645 hec
1419 606 1625 645 omnibus
1657 619 1842 658 quorum

177 673 357 713 interest
379 679 530 712 tenore
554 673 822 724 presentium
842 673 1183 725 singnificamus.
1250 674 1299 713 In
1318 673 1442 725 cujus
1461 674 1519 714 rei
1538 674 1843 714 testimonium

176 742 450 794 presentibus
473 741 663 793 sigillum
683 741 862 794 capituli
887 743 1022 782 nostri
1046 742 1259 782 duximus
1283 742 1610 796 apponendum.
1675 743 1843 783 Datum

176 810 423 859 Cantuarie,
446 811 488 849 in
512 810 706 863 capitulo
738 817 901 860 nostro,
923 810 1063 851 kalen.
1089 812 1251 851 mensis
1276 811 1495 860 Octobris,
1517 825 1635 851 anno
1659 811 1841 851 Domini

467 878 522 886 ...α

292 995 549 1048 [ffilalgz'nal
566 1001 659 1034 note
690 995 734 1034 in
762 1010 789 1034 a
820 995 931 1035 later
950 995 1169 1049 leand:—]
1199 996 1456 1037 Conventus
1479 996 1660 1036 ecclesie
1684 995 1845 1037 Christi

176 1063 412 1103 Cantuarie
434 1064 663 1103 constituit
686 1070 1014 1116 procuratorem
1038 1065 1092 1105 ad
1110 1064 1467 1118 prosequendum
1491 1079 1668 1104 causam
1693 1070 1846 1104 contra

175 1132 363 1172 electum
388 1133 546 1174 Sarum
570 1133 673 1185 quia
696 1145 782 1172 non
806 1140 899 1173 erat
921 1141 1201 1174 consecratus
1225 1134 1267 1174 in
1290 1134 1475 1174 ecclesia
1493 1133 1742 1175 Cantuarie.

173 1245 337 1288 [Appeal
350 1246 395 1289 of
405 1245 462 1278 llze
482 1245 642 1288 Clcapler
654 1247 700 1290 os
713 1247 791 1280 Clzr
789 1246 920 1280 zslclzm
922 1246 970 1279 elz
987 1247 1140 1290 agaznst
1153 1247 1211 1280 llze
1227 1257 1361 1280 consec)
1363 1248 1470 1280 ‘'atzon
1483 1248 1530 1290 os
1545 1246 1685 1280 Walter
1695 1246 1844 1286 ScQamel

261 1299 400 1341 bz'slzop-
403 1300 489 1332 elect
501 1301 547 1343 of
556 1300 746 1333 salzsbm
716 1312 746 1344 3
750 1301 771 1344 .]

178 1369 311 1409 APPE
317 1378 497 1409 LLATIO
552 1370 752 1410 Pmoms
796 1379 857 1409 ET
901 1370 1141 1411 CAPITULI
1186 1379 1419 1412 ECCLESIE
1462 1370 1669 1411 CHRISTI
1718 1369 1845 1410 (ῖΑΝ-

292 1448 591 1480 TUARIENSIS
643 1448 844 1480 CONTRA
896 1448 1356 1481 CONSECRATIONEM
1413 1449 1590 1481 ELECTI
1647 1439 1845 1480 SARRls-

292 1517 566 1549 BURIENSIS.

294 1577 343 1616 In
377 1577 556 1617 nomine
580 1577 761 1617 Domini
788 1577 945 1617 Amen.
1009 1578 1121 1619 Cum
1146 1592 1223 1618 vos
1256 1584 1380 1631 pater
1404 1577 1640 1618 reverende
1666 1576 1846 1617 domine

174 1645 410 1698 Johannes,
450 1646 532 1685 Dei
576 1647 718 1699 gratia
760 1646 1089 1687 Cantuariensis
1132 1647 1472 1700 archiepiscope,
1507 1646 1643 1686 totius
1682 1645 1846 1699 Anglie

176 1716 350 1767 primas,
386 1715 647 1755 electionem
690 1715 745 1755 de
785 1716 1000 1768 Magistro
1041 1716 1238 1756 VValtero
1272 1717 1477 1758 Schamel
1511 1716 1553 1755 in
1587 1716 1844 1769 episcopum

175 1785 347 1833 Sarum,
388 1784 571 1824 ecclesie
612 1791 763 1824 sancte
806 1772 1136 1825 Cantuariensis
1179 1785 1362 1826 ecclesie
1403 1799 1480 1825 sue
1523 1785 1845 1837 metropolitice

173 1853 448 1906 suffraganee
481 1853 655 1902 factam,
685 1867 773 1893 non
808 1854 1017 1906 requisito
1040 1868 1269 1903 consensu,
1292 1868 1486 1904 assensu,
1513 1868 1588 1895 seu
1617 1854 1846 1894 voluntate

174 1923 328 1975 prioris
354 1928 397 1962 et
431 1922 610 1975 capituli
645 1922 827 1962 ecclesie
860 1922 1202 1972 Cantuariensis,
1235 1937 1308 1963 seu
1344 1923 1522 1976 majoris
1555 1937 1629 1963 seu
1663 1923 1845 1962 sanioris

174 1991 309 2044 partis
331 1990 543 2043 ejusdem,
558 1998 634 2031 aut
657 1991 802 2032 saltim
827 1992 1073 2045 aliquorum
1093 1992 1148 2032 de
1170 1993 1266 2045 ipso
1281 1992 1476 2045 capitulo
1491 2006 1677 2045 quorum
1702 1993 1744 2031 in
1763 1992 1844 2032 hac

174 2067 298 2113 parte
335 2060 463 2100 fuerit
500 2060 787 2113 requirendus
821 2075 1037 2111 assensus,
1067 2061 1198 2113 juxta
1235 2062 1469 2102 canonicas
1507 2062 1758 2102 sanctiones
1795 2076 1845 2102 ac

173 2130 527 2179 consuetudines,
559 2136 602 2170 et
636 2130 735 2182 jura
766 2130 884 2170 dicte
915 2130 1098 2170 ecclesie
1131 2130 1475 2180 Cantuariensis,
1507 2130 1583 2171 sed
1617 2131 1659 2170 in
1693 2145 1843 2171 eorum

174 2199 375 2239 absentia
389 2212 476 2238 non
493 2213 570 2252 per
584 2200 909 2239 contumaciam
925 2206 1078 2239 contra
1097 2200 1320 2252 justiciam
1337 2200 1628 2240 examinastis
1644 2199 1700 2240 de
1715 2200 1846 2248 facto,

173 2275 217 2308 et
239 2267 532 2308 confirmastis
565 2268 607 2307 in
641 2268 835 2321 ipsorum
868 2275 912 2308 et
943 2268 1126 2309 ecclesie
1159 2269 1489 2309 Cantuariensis
1522 2269 1717 2322 predicte
1748 2282 1843 2321 pre-

171 2337 385 2389 judicium
413 2350 499 2376 non
534 2336 757 2376 modicum
788 2344 831 2377 et
863 2351 1115 2390 gravamen,
1137 2337 1317 2378 eosdem
1351 2338 1628 2390 possessione
1660 2351 1750 2385 sua,
1773 2338 1840 2377 vel

175 2406 310 2458 quasi,
325 2404 422 2457 jure
444 2419 576 2457 quam
600 2405 825 2445 habebant
849 2407 891 2446 in
914 2405 1169 2458 hujusmodi
1193 2406 1438 2459 spoliando,
1453 2406 1519 2446 vel
1543 2406 1681 2458 quasi,
1698 2405 1842 2445 eidem

175 2474 316 2514 electo
339 2480 481 2513 certos
503 2473 619 2513 diem
644 2480 687 2514 et
710 2474 854 2514 locum
879 2474 934 2514 ab
956 2475 1140 2515 ecclesia
1156 2475 1475 2516 Cantuariense
1497 2473 1626 2514 valde
1649 2480 1842 2514 remotos

174 2543 229 2583 ad
263 2542 610 2582 consecrandum
643 2543 833 2583 eundem
867 2543 1178 2596 assingnando,
1206 2558 1256 2583 ac
1288 2543 1589 2596 suffraganeos
1622 2543 1844 2596 provincie

176 2612 424 2660 Cantuarie‚
463 2618 509 2652 ut
540 2611 707 2651 eisdem
740 2612 812 2652 die
843 2619 890 2652 etv
919 2612 1016 2652 loco
1054 2612 1373 2653 consecrationi
1417 2612 1691 2661 interessent,
1724 2612 1844 2652 nulla

176 2681 436 2721 necessitate
469 2681 700 2733 ingruente
722 2680 1050 2730 demandando‚
1072 2687 1225 2721 contra
1250 2680 1368 2720 dicte
1400 2679 1582 2720 ecclesie
1606 2680 1843 2721 Cantuarie

176 2749 495 2803 metropolitice
513 2750 736 2790 libertates
758 2757 802 2790 et
821 2749 919 2802 jura
941 2764 990 2790 ac
1007 2750 1348 2790 consuetudines
1362 2749 1576 2801 ejusdem,
1593 2756 1641 2790 ut
1663 2750 1842 2802 premit-

176 2820 282 2859 titur
299 2820 340 2858 in
365 2819 445 2859 hac
469 2826 592 2872 parte
615 2820 657 2859 in
682 2820 874 2873 ipsorum
894 2826 937 2860 et
959 2819 1076 2860 dicte
1093 2820 1276 2859 ecclesie
1294 2819 1531 2860 Cantuarie
1550 2817 1841 2872 prejudicium

177 2901 263 2927 non
289 2887 511 2928 modicum
531 2895 575 2928 et
596 2902 848 2941 gravamen,
867 2889 1063 2928 maxime
1079 2902 1177 2928 cum
1197 2902 1347 2928 eorum
1368 2888 1575 2928 intererat
1598 2888 1843 2927 examinia-

175 2957 283 2997 tioni
306 2957 423 2998 dicte
444 2958 670 2998 electionis
694 2958 941 2998 interfuisse
963 2971 1013 2997 ac
1035 2957 1152 2997 dicte
1184 2957 1387 2997 electioni
1410 2956 1552 2997 electo
1574 2963 1618 2997 et
1640 2956 1839 3010 eligenti-

178 3026 270 3075 bus,
298 3033 476 3079 propter
502 3027 640 3066 multa
667 3034 710 3067 et
742 3041 897 3067 causas
929 3026 1212 3079 quamplures
1245 3040 1290 3066 se
1317 3040 1568 3079 opponere;
1601 3025 1717 3065 unde
1746 3039 1840 3078 ego,

178 3095 307 3134 frater
332 3096 553 3135 Robertus
575 3096 630 3135 dc
657 3096 863 3145 Helham,
887 3095 1140 3144 monachus,
1164 3102 1420 3148 procurator
1441 3094 1659 3135 dictorum
1685 3094 1840 3147 prioris

179 3170 222 3202 et
255 3163 447 3216 capituli,
479 3177 611 3215 quam
645 3163 732 3203 cito
764 3163 977 3216 premissa
1008 3163 1063 3203 ad
1097 3164 1290 3215 ipsorum
1324 3162 1603 3202 dominorum
1641 3176 1838 3202 meorum
